% Journals full names
@string{AustJMarFreshRes = {Australian Journal of Marine and Freshwater Research}}
@string{EstCoastShelSc = {Estuarine, Coastal and Shelf Science}}
@string{FishRes = {Fisheries Research}}
@string{ICESJMarSc = {ICES Journal of Marine Science}}
@string{CanJFishAquatSci = {Canadian Journal of Fisheries and Aquatic Sciences}}
@string{JExpMarBioEco = {Journal of Experimental Marine Biology and Ecology}} %J. Exp. Mar. Biol. Ecol.}
@string{JFishResBrdCan = {Journal of the Fisheries Research Board of Canada}}
@string{MarFreshRes = {Marine \& Freshwater Research}}
@string{TQuartRevBiol = {The Quarterly review of Biology}}

% Publishers
@String{pub-SV                  = "Spring{\-}er-Ver{\-}lag"}
