@Book{Wol2014b,
author = { Wolanski, E.},
title = { Estuaries of Australia in 2050 and beyond},
OPTisbn = { 9789400770188 9400770189 },
publisher = { Springer Dordrecht },
pages = { xvii, 292 pages : },
year = {2014 },
OPTtype = { Book },
OPTlanguage = { English },
OPTsubjects = { Estuaries - Australia - Forecasting.; Australia - Environmental conditions.; Australian },
OPTlife-dates = { 2014 - 2014 },
OPTcatalogue-url = { http://nla.gov.au/nla.cat-vn6422456 },
}
@book{blaberb2000,
title = { Tropical estuarine fishes : ecology, exploitation, and conservation },
author = { Blaber, S. J. M },
publisher = { Malden, MA : Blackwell Science },
year = { 2000 },
}
@InBook{Gill2007,
  OPTauthor = 	 {Gillanders, B.M.},
  editor = 	 {Connell, S.D. and Gillanders, B.M.},
  title = 	 {Marine Ecology},
  chapter = 	 {Chap 11: Linking terrestrial-freshwater and marine environment: an example of estuarine systems},
  publisher = 	 {Oxford University Press},
  year = 	 {2007},
  OPTkey = 	 {},
  OPTvolume = 	 {},
  OPTnumber = 	 {},
  OPTseries = 	 {},
  OPTtype = 	 {},
  OPTaddress = 	 {},
  OPTedition = 	 {},
  OPTmonth = 	 {},
  OPTpages = 	 {},
  OPTnote = 	 {},
  OPTannote = 	 {},
  OPTisbn={9780195553024},
  OPTlccn={2007408442},
  OPTurl={http://books.google.com.au/books?id=kHAVAQAAIAAJ},
}


@article{Deyle2013a,
  author = {Deyle, E. R. and Fogarty, M. and Hsieh, C.-h. and Kaufman, L. and MacCall, a. D. and Munch, Stephan B and Perretti, C. T. and Ye, H. and Sugihara, G.},
  journal = {Proceedings of the National Academy of Sciences},
  volume = {19},
  title = {Predicting climate effects on Pacific sardine},
  year = 2013
}



@article{Sugihara26102012,
author = {Sugihara, George and May, Robert and Ye, Hao and Hsieh, Chih-hao and Deyle, Ethan and Fogarty, Michael and Munch, Stephan}, 
title = {Detecting Causality in Complex Ecosystems},
volume = {338}, 
number = {6106}, 
pages = {496-500}, 
year = {2012}, 
doi = {10.1126/science.1227079}, 
journal = {Science} 
}

@article{cheung2013signature,
  title={Signature of ocean warming in global fisheries catch},
  author={Cheung, W.W.L. and Watson, R. and Pauly, D.},
  journal={Nature},
  volume={497},
  number={7449},
  pages={365--368},
  year={2013},
  OPTpublisher={Nature Publishing Group}
}

  @Manual{gbm,
    title = {gbm: Generalized Boosted Regression Models},
    author = {Ridgeway, G. and contributors},
    year = {2013},
    note = {R package version 2.1},
    url = {http://CRAN.R-project.org/package=gbm},
  }


@article{Ulltang01081996,
author = {Ulltang, \uppercase{{\o}}.}, 
title = {Stock assessment and biological knowledge: can prediction uncertainty be reduced?},
volume = {53}, 
number = {4}, 
pages = {659-675}, 
year = {1996}, 
OPTdoi = {10.1006/jmsc.1996.0086}, 
OPTabstract ={The paper addresses whether we fully utilise our increasing biological knowledge in fish stock assessments. For illustrative purposes, repeated references are made to the assessment of the north-east Arctic cod stock. In many cases, existing knowledge may allow us to establish relationships for predicting short or medium term changes in vital population parameters determining mortality, growth, and recruitment. Ancillary variables in such relationships, with a priori justification for being chosen, could be parameters describing the state of the fish stock in question or the state of its biological or physical environment. Long time-series of biological data exist for several stocks, and these data series should be used for testing proposed relationships. Explanatory theories should be used for making predictions not dependent on the assumption that historical patterns will be repeated, increasing the empirical or informative content of our assessments.}, 
OPTURL = {http://icesjms.oxfordjournals.org/content/53/4/659.abstract}, 
OPTeprint = {http://icesjms.oxfordjournals.org/content/53/4/659.full.pdf+html}, 
journal = {ICES Journal of Marine Science: Journal du Conseil} 
}

@book{kleinbaum2005survival,
  title={Survival Analysis: A Self-Learning Text},
  author={Kleinbaum, D.G. and Klein, M.},
  OPTisbn={9780387239187},
  OPTlccn={2005925181},
  OPTseries={Statistics for biology and health},
  OPTurl={http://books.google.com.au/books?id=GNhzxRkFnJ0C},
  year={2005},
  publisher={Springer}
}

@TechReport{HoyR2000,
  author = 	 {Hoyle, S. and Brown, I. and Dichmont, C. and Sellin, M. and Cosgrove, M. and McLennan, M.},
  title = 	 {Integrated fish stock assessment and monitoring program},
  institution =  {FRDC},
  year = 	 {2000},
  OPTkey = 	 {},
  OPTtype = 	 {},
  number = 	 {94/161},
  OPTaddress = 	 {},
  OPTmonth = 	 {},
  OPTnote = 	 {},
  OPTannote = 	 {}
}

@article{Maunder201361,
    OPTabstract = {Limited data, and the requirement to provide science-based advice for exploited populations, have led to the development of statistical methods that combine several sources of information into a single analysis. This approach,  ” integrated analysis”, was first formulated by Fournier and Archibald in 1982. Contemporary use of integrated analysis involves using all available data, in as raw a form as appropriate, in a single analysis. Analyses that were traditionally carried out independently are now conducted simultaneously through likelihood functions that include multiple data sources. For example, the traditional analysis of converting catch-at-length data into catch-at-age data for use in an age-structured population dynamics models can be avoided by including the basic data used in this conversion, length-frequency and conditional age-at-length data, in the likelihood function. This allows for consistency in assumptions and permits the uncertainty associated with both data sources to be propagated to final model outputs, such as catch limits under harvest control rules. The development of the \\{AD\\} Model Builder software has greatly facilitated the use of integrated analyses, and there are now several general stock assessment models (e.g., Stock Synthesis) that allow many data types and model assumptions to be analyzed simultaneously. In this paper, we define integrated analysis, describe its history and development, give several examples, and describe the advantages of and problems with integrated analysis.},
    author = {Maunder, Mark N. and Punt, Andr\'{e} E.},
    OPTciteulike-article-id = {12282555},
    OPTciteulike-linkout-0 = {http://dx.doi.org/10.1016/j.fishres.2012.07.025},
    OPTciteulike-linkout-1 = {http://www.sciencedirect.com/science/article/pii/S0165783612002627},
    OPTdoi = {10.1016/j.fishres.2012.07.025},
    journal = {Fisheries Research},
    OPTkeywords = {bayesian},
    OPTnote = {<ce:title>Stock Synthesis</ce:title>},
    OPTnumber = {0},
    pages = {61--74},
    OPTposted-at = {2013-04-19 03:54:13},
    OPTpriority = {2},
    title = {{A review of integrated analysis in fisheries stock assessment}},
    OPTurl = {http://www.sciencedirect.com/science/article/pii/S0165783612002627},
    volume = {142},
    year = {2013}
}

@TechReport{CASAL12m,
  author = 	 {Bull, B. and Francis, R.I.C.C and Dunn, A. and McKenzie, A. and Gilbert, D.J. and Smith, M.H. and Bain, R. and Fu, D.},
  title = 	 {CASAL (C++ algorithmic stock assessment laboratory): CASAL user manual},
  institution =  {NIWA},
  year = 	 {2012},
  OPTkey = 	 {},
  OPTtype = 	 {},
  number = 	 {135},
  OPTaddress = 	 {},
  OPTmonth = 	 {},
  OPTnote = 	 {},
  OPTannote = 	 {}
}

@Manual{mill99m,
  title = 	 {Quantitative fisheries science},
  OPTkey = 	 {},
  author = 	 {Millar, R.},
  OPTorganization = {},
  OPTaddress = 	 {},
  OPTedition = 	 {},
  OPTmonth = 	 {},
  year = 	 {1999},
  OPTnote = 	 {},
  OPTannote = 	 {}
}

@article{Four82a,
    OPTabstract = {{We present a general theory for analyzing catch at age data for a fishery. This theory seems to be the first to address itself properly to the stochastic nature of the errors in the observed catch at age data. The model developed is very flexible and accommodates itself easily to the inclusion of extra information such as fishing effort data or information about errors in the aging procedure. An example is given to illustrate the use of the model.Key words: cohort analysis, virtual population analysis, maximum likelihood estimation, aging errors}},
    author = {Fournier, David and Archibald, Chris P.},
    booktitle = {Canadian Journal of Fisheries and Aquatic Sciences},
    citeulike-article-id = {9295173},
    citeulike-linkout-0 = {http://dx.doi.org/10.1139/f82-157},
    citeulike-linkout-1 = {http://www.nrcresearchpress.com/doi/abs/10.1139/f82-157},
    day = {1},
    doi = {10.1139/f82-157},
    issn = {0706-652X},
    journal = {Can. J. Fish. Aquat. Sci.},
    keywords = {foundational},
    month = aug,
    number = {8},
    pages = {1195--1207},
    posted-at = {2011-05-14 19:46:24},
    priority = {4},
    publisher = {NRC Research Press},
    title = {{A General Theory for Analyzing Catch at Age Data}},
    url = {http://dx.doi.org/10.1139/f82-157},
    volume = {39},
    year = {1982}
}



@InProceedings{DowP2007,
  author = 	 {Dowling, N.},
  title = 	 {The minimum requirements and biggest challenges in doing effective stock assessment in pelagic fisheries},
  OPTcrossref =  {},
  OPTkey = 	 {},
  booktitle = {Project coordination meeting, ACIA Project FIS/2002/074},
  year = 	 {2007},
  OPTeditor = 	 {},
  OPTvolume = 	 {},
  OPTnumber = 	 {},
  OPTseries = 	 {},
  OPTpages = 	 {},
  month = 	 {November},
  OPTaddress = 	 {},
  OPTorganization = {},
  OPTpublisher = {},
  OPTnote = 	 {},
  OPTannote = 	 {}
}

@article {JAI:JAI12478,
author = {Ochwada-Doyle, F. A. and Stocks, J. and Barnes, L. and Gray, C. A.},
title = {Reproduction, growth and mortality of the exploited sillaginid, Sillago ciliata Cuvier, 1829},
journal = {Journal of Applied Ichthyology},
year = {2014},
OPTissn = {1439-0426},
OPTurl = {http://dx.doi.org/10.1111/jai.12478},
OPTdoi = {10.1111/jai.12478},
OPTpages = {n/a--n/a},
}

@InBook{garcia88c,
  author = 	 {Garcia, S.},
  OPTeditor = 	 {Gulland, J.A.},
  title = 	 {\uppercase{F}ish \uppercase{P}opulation \uppercase{D}ynamics},
  chapter = 	 {Tropical penaeid prawns},
  publisher = 	 {John Wiley \& Sons},
  year = 	 {1988},
  OPTkey = 	 {},
  OPTvolume = 	 {},
  OPTnumber = 	 {},
  OPTseries = 	 {},
  OPTtype = 	 {},
  OPTaddress = 	 {},
  edition = 	 {2$^{nd}$},
  OPTmonth = 	 {},
  OPTpages = 	 {},
  OPTnote = 	 {},
  OPTannote = 	 {}
}

@article{journals/bioinformatics/MarcaisK11,
  added-at = {2011-03-27T00:00:00.000+0100},
  author = {Marçais, Guillaume and Kingsford, Carl},
  biburl = {http://www.bibsonomy.org/bibtex/2749cdea03e9ba17ad576df6691e5af45/dblp},
  ee = {http://dx.doi.org/10.1093/bioinformatics/btr011},
  interhash = {a048a2dcdc02def705d148ab1e03540d},
  intrahash = {749cdea03e9ba17ad576df6691e5af45},
  journal = {Bioinformatics},
  keywords = {dblp},
  number = 6,
  pages = {764-770},
  timestamp = {2011-03-27T00:00:00.000+0100},
  title = {A fast, lock-free approach for efficient parallel counting of occurrences of k-mers.},
  url = {http://dblp.uni-trier.de/db/journals/bioinformatics/bioinformatics27.html#MarcaisK11},
  volume = 27,
  year = 2011
}



@article{citeulike:11600037,
    author = {Marco-Sola, Santiago and Sammeth, Michael and Guigo, Roderic and Ribeca, Paolo},
    citeulike-article-id = {11600037},
    citeulike-linkout-0 = {http://dx.doi.org/10.1038/nmeth.2221},
    citeulike-linkout-1 = {http://dx.doi.org/10.1038/nmeth.2221},
    day = {28},
    doi = {10.1038/nmeth.2221},
    issn = {1548-7091},
    journal = {Nat Meth},
    keywords = {algorithm, alignment, bioinformatics},
    month = dec,
    number = {12},
    pages = {1185--1188},
    posted-at = {2013-02-13 15:45:16},
    priority = {2},
    publisher = {Nature Publishing Group, a division of Macmillan Publishers Limited. All Rights Reserved.},
    title = {{The GEM mapper: fast, accurate and versatile alignment by filtration}},
    url = {http://dx.doi.org/10.1038/nmeth.2221},
    volume = {9},
    year = {2012}
}

%Li H. (2013) Aligning sequence reads, clone sequences and assembly contigs with BWA-MEM. arXiv:1303.3997v1

@Article{2013arXiv1303.3997v1,
   author = {Li, H},
    title = {Aligning sequence reads, clone sequences and assembly contigs with BWA-MEM},
  journal = {ArXiv e-prints, arxiv.org/abs/1303.3997},
OPTarchivePrefix = "arXiv",
OPTeprint = {1306.3619},
OPTprimaryClass = "q-bio.PE",
OPTkeywords = {Quantitative Biology - Populations and Evolution},
     year = {2013},
OPTmonth = "{jun}",
OPTurl = "{arxiv.org/abs/1306.3619}",
OPTadsnote = "{Provided by the SAO/NASA Astrophysics Data System}",
}

@Article{19393038,
AUTHOR = {Zimin, Aleksey and Delcher, Arthur and Florea, Liliana and Kelley, David and Schatz, Michael and Puiu, Daniela and Hanrahan, Finnian and Pertea, Geo and Van Tassell, Curtis and Sonstegard, Tad and Marcais, Guillaume and Roberts, Michael and Subramanian, Poorani and Yorke, James and Salzberg, Steven},
TITLE = {A whole-genome assembly of the domestic cow, Bos taurus},
JOURNAL = {Genome Biology},
VOLUME = {10},
YEAR = {2009},
NUMBER = {4},
PAGES = {R42},
URL = {http://genomebiology.com/2009/10/4/R42},
DOI = {10.1186/gb-2009-10-4-r42},
PubMedID = {19393038},
ISSN = {1465-6906},
ABSTRACT = {BACKGROUND:The genome of the domestic cow, Bos taurus, was sequenced using a mixture of hierarchical and whole-genome shotgun sequencing methods.RESULTS:We have assembled the 35 million sequence reads and applied a variety of assembly improvement techniques, creating an assembly of 2.86 billion base pairs that has multiple improvements over previous assemblies: it is more complete, covering more of the genome; thousands of gaps have been closed; many erroneous inversions, deletions, and translocations have been corrected; and thousands of single-nucleotide errors have been corrected. Our evaluation using independent metrics demonstrates that the resulting assembly is substantially more accurate and complete than alternative versions.CONCLUSIONS:By using independent mapping data and conserved synteny between the cow and human genomes, we were able to construct an assembly with excellent large-scale contiguity in which a large majority (approximately 91\%) of the genome has been placed onto the 30 B. taurus chromosomes. We constructed a new cow-human synteny map that expands upon previous maps. We also identified for the first time a portion of the B. taurus Y chromosome.},
}

@article{citeulike:9688445,
    abstract = {{BACKGROUND}:We present the genome sequence of the tammar wallaby, Macropus eugenii, which is a member of the kangaroo family and the first representative of the iconic hopping mammals that symbolize Australia to be sequenced. The tammar has many unusual biological characteristics, including the longest period of embryonic diapause of any mammal, extremely synchronized seasonal breeding and prolonged and sophisticated lactation within a well-defined pouch. Like other marsupials, it gives birth to highly altricial young, and has a small number of very large chromosomes, making it a valuable model for genomics, reproduction and {development.RESULTS}:The genome has been sequenced to 2 x coverage using Sanger sequencing, enhanced with additional next generation sequencing and the integration of extensive physical and linkage maps to build the genome assembly. We also sequenced the tammar transcriptome across many tissues and developmental time points. Our analyses of these data shed light on mammalian reproduction, development and genome evolution: there is innovation in reproductive and lactational genes, rapid evolution of germ cell genes, and incomplete, locus-specific X inactivation. We also observe novel retrotransposons and a highly rearranged major histocompatibility complex, with many class I genes located outside the complex. Novel {microRNAs} in the tammar {HOX} clusters uncover new potential mammalian {HOX} regulatory {elements.CONCLUSIONS}:Analyses of these resources enhance our understanding of marsupial gene evolution, identify marsupial-specific conserved non-coding elements and critical genes across a range of biological systems, including reproduction, development and immunity, and provide new insight into marsupial and mammalian biology and genome evolution.},
    author = {Renfree, Marilyn and Papenfuss, Anthony and Deakin, Janine and Lindsay, James and Heider, Thomas and Belov, Katherine and Rens, Willem and Waters, Paul and Pharo, Elizabeth and Shaw, Geoff and Wong, Emily and Lefevre, Christophe and Nicholas, Kevin and Kuroki, Yoko and Wakefield, Matthew and Zenger, Kyall and Wang, Chenwei and Smith, Malcolm F. and Nicholas, Frank and Hickford, Danielle and Yu, Hongshi and Short, Kirsty and Siddle, Hannah and Frankenberg, Stephen and Chew, Keng and Menzies, Brandon and Stringer, Jessica and Suzuki, Shunsuke and Hore, Timothy and Delbridge, Margaret},
    citeulike-article-id = {9688445},
    citeulike-linkout-0 = {http://dx.doi.org/10.1186/gb-2011-12-8-r81},
    citeulike-linkout-1 = {http://view.ncbi.nlm.nih.gov/pubmed/21854559},
    citeulike-linkout-2 = {http://www.hubmed.org/display.cgi?uids=21854559},
    day = {29},
    doi = {10.1186/gb-2011-12-8-r81},
    issn = {1465-6906},
    journal = {Genome Biology},
    keywords = {genome},
    month = aug,
    number = {8},
    pages = {R81+},
    pmid = {21854559},
    posted-at = {2011-08-20 08:28:02},
    priority = {2},
    title = {Genome sequence of an Australian kangaroo, Macropus eugenii, provides insight into the evolution of mammalian reproduction and development},
    url = {http://dx.doi.org/10.1186/gb-2011-12-8-r81},
    volume = {12},
    year = {2011}
}

@book{rodriguez2012bioinformatics,
  title={Bioinformatics for high throughput sequencing},
  author={Rodr{\'\i}guez-Ezpeleta, Naiara and Hackenberg, Michael and Aransay, Ana M},
  year={2012},
  publisher={Springer}
}

@book{james2013introduction,
  title={An Introduction to Statistical Learning: with Applications in R},
  author={James, G. and Witten, D. and Hastie, T. and Tibshirani, R.},
  OPTisbn={9781461471387},
  OPTseries={Springer Texts in Statistics},
  OPTurl={http://books.google.com.au/books?id=qcI\_AAAAQBAJ},
  year={2013},
  publisher={Springer}
}

  @Manual{vegan,
    title = {vegan: Community Ecology Package},
    author = {Jari Oksanen and F. Guillaume Blanchet and Roeland Kindt and Pierre Legendre and Peter R. Minchin and R. B. O'Hara and Gavin L. Simpson and Peter Solymos and M. Henry H. Stevens and Helene Wagner},
    year = {2013},
    note = {R package version 2.0-10},
    url = {http://CRAN.R-project.org/package=vegan},
  }

@article{Kienzle2014138,
title = "Environmental and fishing effects on the dynamics of brown tiger prawn (Penaeus esculentus) in \uppercase{M}oreton \uppercase{B}ay (\uppercase{A}ustralia) ",
journal = FishRes,
volume = "155",
number = "0",
pages = "138 - 148",
year = "2014",
note = "",
OPTissn = "0165-7836",
OPTdoi = "http://dx.doi.org/10.1016/j.fishres.2014.02.030",
OPTurl = "http://www.sciencedirect.com/science/article/pii/S0165783614000769",
author = "Kienzle, M. and Courtney, A.J. and O’Neill, M.F.",
keywords = "Tiger prawns",
keywords = "Stock assessment",
keywords = "Delay-difference model",
keywords = "Stock–recruitment",
keywords = "Catchability ",
}


@Article{2013arXiv1306.3619K,
   author = {{Kienzle}, M. and {Courtney}, A.~J. and {O'Neill}, M.~F.},
    title = "{Environmental and fishing effects on the dynamic of brown tiger prawn (Penaeus esculentus) in Moreton Bay (Australia)}",
  journal = "{ArXiv e-prints, arxiv.org/abs/1306.3619}",
     year = 2013,
}

@Article{Eps91a,
  author = 	 {Epstein, E.S.},
  title = 	 {On obtaining daily climatological values from monthly means},
  journal = 	 IntJofClimat,
  year = 	 {},
}

@Article{23268604,
AUTHOR = {Jiang, Bai and Song, Kai and Ren, Jie and Deng, Minghua and Sun, Fengzhu and Zhang, Xuegong},
TITLE = {Comparison of metagenomic samples using sequence signatures},
JOURNAL = {BMC Genomics},
VOLUME = {13},
YEAR = {2012},
NUMBER = {1},
PAGES = {730},
URL = {http://www.biomedcentral.com/1471-2164/13/730},
DOI = {10.1186/1471-2164-13-730},
PubMedID = {23268604},
ISSN = {1471-2164},
}

@article{citeulike:3388277,
    author = {Richter, Daniel C. and Ott, Felix and Auch, Alexander F. and Schmid, Ramona and Huson, Daniel H.},
    journal = {PLoS ONE},
    number = {10},
    title = {MetaSim—A Sequencing Simulator for Genomics and Metagenomics},
    volume = {3},
    year = {2008}
}

@TechReport{kan00r,
  author = 	 {Kangas, M.I.},
  title = 	 {Synopsis of the biology and exploitation of the blue swimmer crab, {\it Portunus pelagicus} Linnaeus, in Western Australia},
  institution =  {Fisheries Western Australia},
  year = 	 {2000},
  OPTkey = 	 {},
  OPTtype = 	 {},
  number = 	 {121},
  OPTaddress = 	 {},
  OPTmonth = 	 {},
  OPTnote = 	 {},
  OPTannote = 	 {}
}

@Article{sawusdee09a,
  author = 	 {Sawusdee, A. and Songrak, A.},
  title = 	 {Population dynamics and stock assessment of blue swimming crab ({\it Portunus pelagicus} Linnaeus, 1758) in the coastal area of Trang province, Thailand},
  journal = 	 {Walailak J. Sci. \& Tech},
  year = 	 {2009},
  OPTkey = 	 {},
  volume = 	 {6},
  number = 	 {2},
  pages = 	 {189--202},
  OPTmonth = 	 {},
  OPTnote = 	 {},
  OPTannote = 	 {}
}

@Article{hill80a,
  author = 	 {Hill, B.J.},
  title = 	 {Effects of temperature on feeding and activity in the crab {\it Scylla serrata}},
  journal = 	 {Marine Biology},
  year = 	 {1980},
  OPTkey = 	 {},
  volume = 	 {59},
  OPTnumber = 	 {},
  pages = 	 {189--192},
  OPTmonth = 	 {},
  OPTnote = 	 {},
  OPTannote = 	 {}
}

@Book{parke2013b,
  author = 	 {Parke, J.},
  ALTeditor = 	 {},
  title = 	 {Against the \uppercase{t}ide: \uppercase{Q}ueensland's \uppercase{M}oreton \uppercase{B}ay \uppercase{f}ishing \uppercase{i}ndustry since 1824},
  publisher = 	 {5Word Productions, Australia},
  year = 	 {2013},
  OPTkey = 	 {},
  OPTvolume = 	 {},
  OPTnumber = 	 {},
  OPTseries = 	 {},
  OPTaddress = 	 {},
  OPTedition = 	 {},
  OPTmonth = 	 {},
  note = 	 {ISBN 978-0-9875685-1-9},
  OPTannote = 	 {}
}

@Misc{minuit2,
  key = 	 {CERN},
  author = 	 {F. James and M. Winkler},
  title = 	 {Minuit user's guide},
  howpublished = {http://www.cern.ch/minuit},
  OPTmonth = 	 {},
  year = 	 {2004},
  OPTnote = 	 {last accessed on 15/11/2013},
  OPTannote = 	 {}
}

@article{Fonds1992127,
author = {M. Fonds and R. Cronie and A.D. Vethaak and P. Van Der Puyl},
title = {Metabolism, food consumption and growth of plaice ({\it \uppercase{P}leuronectes platessa}) and flounder ({\it \uppercase{P}latichthys flesus}) in relation to fish size and temperature },
journal = NJSR,
volume = {29},
number = {1--3},
pages = {127--143},
year = {1992},
}
@article{Keys2003325,
author = {S.J Keys},
title = {Aspects of the biology and ecology of the brown tiger prawn, {\it \uppercase{P}enaeus esculentus}, relevant to aquaculture},
journal = {Aquaculture},
volume = {217},
number = {1--4},
pages = {325 - 334},
year = {2003}
}

@article{Pascoe2013115,
author = {Pascoe, S. and Dichmont, C.M. and Brooks, K. and Pears, R. and Jebreen, E.},
title = {Management objectives of \uppercase{Q}ueensland fisheries: Putting the horse before the cart},
journal = MarPol,
volume = {37},
number = {0},
pages = {115--122},
year = {2013}
}
%note = "<ce:title>Social and cultural impacts of marine fisheries</ce:title> ",
%issn = "0308-597X",
%doi = "http://dx.doi.org/10.1016/j.marpol.2012.02.016",
%url = "http://www.sciencedirect.com/science/article/pii/S0308597X12000334",
%keywords = "Multiple objectives",
%keywords = "Fisheries management",
%keywords = "Analytic hierarchy process",
%keywords = "Stakeholder preferences",
%keywords = "Queensland fisheries "
%}

@article{Zhoudoi:10.1139/f2011-052,
author = {Zhou, Shijie and Punt, André E. and Deng, Roy and Bishop, Janet},
title = {Estimating multifleet catchability coefficients and natural mortality from fishery catch and effort data: comparison of Bayesian state–space and observation error models},
journal = CanJFishAquatSci,
volume = {68},
number = {7},
pages = {1171-1181},
year = {2011}
}
%doi = {10.1139/f2011-052},

%URL = {http://www.nrcresearchpress.com/doi/abs/10.1139/f2011-052},
%eprint = {http://www.nrcresearchpress.com/doi/pdf/10.1139/f2011-052}




@Article{Wal03a,
  author = 	 {Walters, C.},
  title = 	 {Folly and fantasy in the analysis of spatial catch rate data},
  journal = 	 CanJFishAquatSci,
  year = 	 {2003},
  OPTkey = 	 {},
  volume = 	 {60},
  OPTnumber = 	 {},
  pages = 	 {1433--1436},
  OPTmonth = 	 {},
  OPTnote = 	 {},
  OPTannote = 	 {}
}

@Article{ONeill03a,
  author = 	 {O'Neill, M.F. and Courtney, A.J. and Turnbull, C.T. and Good, N.M. and Yeomans, K.M. and Staunton Smith, J. and Shootingstar, C.},
  title = 	 {Comparison of relative fishing power between different sectors of the \uppercase{Q}ueensland trawl fishery, \uppercase{A}ustralia},
  journal = 	 FishRes,
  year = 	 {2003},
  OPTkey = 	 {},
  OPTvolume = 	 {},
  OPTnumber = 	 {},
  pages = 	 {309--321},
  OPTmonth = 	 {},
  OPTnote = 	 {},
  OPTannote = 	 {}
}

@COMMENT { BibTex package created from National Library of Australia Catalogue http://catalogue.nla.gov.au  }
@Book{ nla.cat-vn5267095,
author = { Davie, P. and Cranitch, G. and Wright, J. and Cowell, B. },
title = { Wild \uppercase{g}uide to Moreton Bay and \uppercase{a}djacent coasts },
edition = { 2nd },
isbn = { 9780987055569 9780987055576 9780980753387 },
publisher = { Queensland Museum, Brisbane, Australia },
pages = { 2 v. : },
year = { 2011 },
type = { Book },
language = { English },
subjects = { Animals - Queensland - Moreton Bay Region.; Plants - Queensland - Moreton Bay Region.; Moreton Bay (Qld.) - Guidebooks. },
life-dates = { 2011 -  },
catalogue-url = { http://nla.gov.au/nla.cat-vn5267095 },
}

@TechReport{Dich2011R,
  author = 	 {Dichmont, C.M. and Deng, A.R. and Punt, A.E. and Venables, W.N. and Pascoe, S. and Zhou, S. and Kompas, T and Kenyon, R. and Bishop, J. and van der Velde, T and Kienzle, M. and Hutton, T. and Plag\'{a}nyi, E and Miller, M. and Donovan, A. and Ye, Y.},
  title = 	 {Developing techniques to estimate total allowable catches for the NPF major prawn species.},
  institution =  {FRDC},
  year = 	 {2011},
  OPTkey = 	 {},
  OPTtype = 	 {},
  number = 	 {2007/018},
  OPTaddress = 	 {},
  OPTmonth = 	 {},
  OPTnote = 	 {},
  OPTannote = 	 {}
}

@Article{ONeil2007a,
  author = 	 {O'Neill, M.F. and Leigh, G.M.},
  title = 	 {Fishing power increases continues in \uppercase{Q}ueensland's east coast trawl fishery},
  journal = 	 FishRes,
  year = 	 {2007},
  OPTkey = 	 {},
  volume = 	 {85},
  OPTnumber = 	 {},
  pages = 	 {84--92},
  OPTmonth = 	 {},
  OPTnote = 	 {},
  OPTannote = 	 {}
}

@TechReport{ONeill2006R,
  author = 	 {O'Neill, M.F. and Turnbull, C.T.},
  title = 	 {Stock assessment of the Torres Strait \uppercase{t}iger \uppercase{p}rawn \uppercase{f}ishery ({\it Penaeus esculentus})},
  institution =  {Queensland Dept of Primary Industry and Fisheries},
  year = 	 {2006},
  OPTkey = 	 {},
  type = 	 {Information Series},
  number = 	 {QI05132},
  OPTaddress = 	 {},
  OPTmonth = 	 {},
  OPTnote = 	 {},
  OPTannote = 	 {}
}

@Book{Swensson1992b,
  author = 	 {S\"{a}rndal, Carl-Erik and Swensson, Bengt and Wretman, Jan},
  ALTeditor = 	 {},
  title = 	 {Model Assisted Survey Sampling},
  publisher = 	 {Springer-Verlad},
  year = 	 {1992},
  OPTkey = 	 {},
  OPTvolume = 	 {},
  OPTnumber = 	 {},
  OPTseries = 	 {},
  OPTaddress = 	 {},
  OPTedition = 	 {},
  OPTmonth = 	 {},
  OPTnote = 	 {},
  OPTannote = 	 {}
}

@book{ACS-ABARES2012,
  title={\uppercase{A}gricultural \uppercase{c}ommodity \uppercase{s}tatistics 2012},
  author={Anon.},
  series={Dept. of \uppercase{A}griculture, \uppercase{F}isheries and \uppercase{F}orestry},
  url={http://www.daff.gov.au/ABARES/Pages/publications/default.aspx},
  year={2012},
  publisher={Australian Government}
}


@Article{Martinez2012a,
  author = 	 {Martinez-Porchas, M. and Martinez-Cordova, L.R.},
  title = 	 {World aquaculture: environmental impacts and troubleshooting alternatives},
  journal = 	 {The Scientific World Journal},
  year = 	 {2012},
  OPTkey = 	 {},
  volume = 	 {2012},
  OPTnumber = 	 {},
  pages = 	 {1--9},
  OPTmonth = 	 {},
  OPTnote = 	 {},
  OPTannote = 	 {}
}

@TechReport{Hil12R,
  author = 	 {Hilborn, R and Tellier, P.},
  title = 	 {The environmental cost of \uppercase{N}ew \uppercase{Z}ealand food production},
  institution =  {Seafood Industry Council},
  year = 	 {2012},
  OPTkey = 	 {},
  OPTtype = 	 {},
  OPTnumber = 	 {},
  OPTaddress = 	 {},
  OPTmonth = 	 {},
  OPTnote = 	 {},
  OPTannote = 	 {}
}

@book{MATLAB:2012,
year = {2012},
author = {MATLAB},
title = {version 7.14.0.739 (R2012a)},
publisher = {The MathWorks Inc.},
address = {Natick, Massachusetts}
}

@TechReport{HylandR89,
  author = 	 {Hyland, S. J. and Courtney, A. J. and Butler, C. T. },
  title = 	 {Distribution of seagrass in the Moreton Region from Coolangatta to Noosa},
  institution =  {Queensland Dept of Primary Industry},
  year = 	 {1989},
  OPTkey = 	 {},
  type = 	 {Information Series},
  number = 	 {QI89010},
  OPTaddress = 	 {},
  OPTmonth = 	 {},
  OPTnote = 	 {},
  OPTannote = 	 {}
}

@book{lumley2010complex,
  title={Complex Surveys: A Guide to Analysis Using R},
  author={Lumley, T.},
  isbn={9780470580059},
  lccn={2009033999},
  series={Wiley Series in Survey Methodology},
  url={http://books.google.com.au/books?id=9wN0HbBEmb0C},
  year={2010},
  publisher={Wiley}
}

@Article{HorvitEtAl52a,
  author = 	 {Horvitz, D.G. and Thompson, D.J.},
  title = 	 {A generalization of sampling without replacement from a finite universe},
  journal = 	 {Journal of the American Statistical Association},
  year = 	 {1952},
  OPTkey = 	 {},
  volume = 	 {47},
  number = 	 {260},
  pages = 	 {663--685},
  OPTmonth = 	 {},
  OPTnote = 	 {},
  OPTannote = 	 {}
}

@TechReport{Econsearch2010,
  author = 	 {Anon.},
  title = 	 {Economic Indicators for the Spencer Gulf and West Coast Prawn Fisheries},
  institution =  {Econsearch},
  year = 	 {2010},
  OPTkey = 	 {},
  OPTtype = 	 {},
  OPTnumber = 	 {},
  OPTaddress = 	 {},
  OPTmonth = 	 {},
  OPTnote = 	 {},
  OPTannote = 	 {}
}

@PhdThesis{Hyland87PhD,
  author = 	 {Hyland, S.J.},
  title = 	 {An investigation of the nektobenthic organisms in Logan River and Moreton Bay (Queensland) with \uppercase{a}n \uppercase{e}mphasis on \uppercase{p}enaeid \uppercase{p}rawns },
  school = 	 {University of Queensland},
  year = 	 {1987},
  OPTkey = 	 {},
  OPTtype = 	 {},
  OPTaddress = 	 {},
  OPTmonth = 	 {},
  OPTnote = 	 {},
  OPTannote = 	 {}
}

@incollection{Adams2005b,
  author = 	 {Adams, C. and Keithly, W.J. and Versaggi, S.},
  editor = 	 {Schmitz, Andrew and  Moss, Charles B. and Schmitz, Troy G. and Koo, Won W.},
  title = 	 {The shrimp import controversy},
  chapter = 	 {15},
  publisher = 	 {Calgary: University of Calgary Press},
  year = 	 {2005},
  OPTkey = 	 {test1},
  OPTvolume = 	 {test2},
  OPTnumber = 	 {test3},
  OPTseries =    {},
  booktitle = 	 {International Agriculture Trade Disputes: Case Studies In North America},
  OPTtype = 	 {test4},
  OPTaddress = 	 {t5},
  OPTedition = 	 {t6},
  OPTmonth = 	 {t7},
  pages = 	 {225--244},
  OPTnote = 	 {t9},
  OPTannote = 	 {10}
}

@InProceedings{CurtottiEtAl2011Conf,
  author = 	 {Curtotti, R. and Hormis, M and McGill, K. and Pham, T. and Vieira, S and Perks, C. and George, D.},
  title = 	 {Australian fisheries - outlook and economic indicators},
  OPTcrossref =  {},
  OPTkey = 	 {},
  booktitle = {Outlook conference},
  OPTpages = 	 {},
  year = 	 {2011},
  OPTeditor = 	 {},
  OPTvolume = 	 {},
  number = 	 {11.09},
  OPTseries = 	 {ABARES Outlook \uppercase{c}onference},
  OPTaddress = 	 {},
  OPTmonth = 	 {},
  organization = {\uppercase{A}ustralian \uppercase{B}ureau of \uppercase{A}gricultural and \uppercase{R}esource \uppercase{E}conomics and \uppercase{S}ciences (ABARES)},
  OPTpublisher = {},
  OPTnote = 	 {ISSN 1141-4215},
  OPTannote = 	 {}
}

@TechReport{Grey83r,
  author = 	 {Grey, D.L. and Dall, W. and Baker, A.},
  title = 	 {A guide to the Australian Penaeid Prawns},
  institution =  {Department of Primary Production},
  publisher = {Northern Territory Government, Australia},
  year = 	 {1983},
  OPTkey = 	 {},
  OPTtype = 	 {},
  number = 	 {2005/239},
  OPTaddress = 	 {},
  OPTmonth = 	 {},
  OPTnote = 	 {},
  OPTannote = 	 {}
}

@article{Beare01072012,
author = {Beare, D. and Machiels, M.}, 
title = {Beam trawlermen take feet off gas in response to oil price hikes},
volume = {69}, 
number = {6}, 
pages = {1064-1068}, 
year = {2012}, 
OPTdoi = {10.1093/icesjms/fss057}, 
OPTabstract ={
Beare, D., and Machiels, M. 2012. Beam trawlermen take feet off gas in response to oil price hikes. – ICES Journal of Marine Science, 69: 1064–1068.
Average towing speed by Dutch beam trawlermen has fallen substantially between 2002 and 2009. Changes in towing speed are related to changes in oil price. The price of their valuable main target species (sole, Solea vulgaris) did not influence towing speed.}, 
OPTURL = {http://icesjms.oxfordjournals.org/content/69/6/1064.abstract}, 
OPTeprint = {http://icesjms.oxfordjournals.org/content/69/6/1064.full.pdf+html}, 
journal = ICESJMarSc,
OPTjournal = {ICES Journal of Marine Science: Journal du Conseil} 
}

@TechReport{Sterling05r,
  author = 	 {Sterling, D.},
  title = 	 {Fishing energy efficiency review for the \uppercase{f}isheries \uppercase{R}esearch and \uppercase{d}evelopment \uppercase{c}orporation},
  institution =  {\uppercase{F}isheries \uppercase{R}esearch and \uppercase{D}evelopment \uppercase{C}orporation},
  publisher = {Australian Government},
  year = 	 {2005},
  OPTkey = 	 {},
  OPTtype = 	 {},
  number = 	 {2005/239},
  OPTaddress = 	 {},
  OPTmonth = 	 {},
  OPTnote = 	 {},
  OPTannote = 	 {}
}


@book{clark1976mathematical,
  title={Mathematical \uppercase{B}ioeconomics: the optimal management of renewable resources},
  author={Clark, C.W.},
  OPTisbn={9780471158561},
  OPTlccn={76016473},
  OPTseries={Pure and applied mathematics},
  OPTurl={http://books.google.com.au/books?id=e11RAAAAMAAJ},
  year={1976},
  publisher={Wiley}
}

@book{clark1990mathematical,
  title={Mathematical bioeconomics: the optimal management of renewable resources},
  author={Clark, C.W.},
  OPTisbn={9780471158561},
  OPTlccn={76016473},
  series={Pure and applied mathematics},
  OPTurl={http://books.google.com.au/books?id=e11RAAAAMAAJ},
  year={1990},
  publisher={Wiley}
}


@book{ABARE2011,
  title={\uppercase{A}ustralian \uppercase{F}isheries \uppercase{S}tatistics 2011},
  author={Anon.},
  series={Dept. of \uppercase{A}griculture, \uppercase{F}isheries and \uppercase{F}orestry},
  url={http://www.daff.gov.au/ABARES/Pages/publications/default.aspx},
  year={2011},
  publisher={Australian Government}
}

@book{FAO2012,
  title={The state of world fisheries and aquaculture},
  author={Anon.},
  series={FAO Fisheries and Aquaculture department},
  OPTurl={},
  year={2012},
  publisher={FAO}
}

@book{haddon2010modelling,
  title={Modelling and \uppercase{q}uantitative \uppercase{m}ethods in \uppercase{f}isheries},
  author={Haddon, Malcolm},
  year={2010},
  publisher={Chapman \& Hall/CRC}
}
@article{dichmont2003application,
  title={Application of a weekly delay-difference model to commercial catch and effort data for tiger prawns in \uppercase{a}ustralia's \uppercase{N}orthern \uppercase{P}rawn Fishery},
  author={Dichmont, CM and Punt, AE and Deng, A and Dell, Q and Venables, W},
  journal=FishRes,
  volume={65},
  number={1},
  pages={335--350},
  year={2003},
  publisher={Elsevier}
}

@book{mardia1999directional,
  title={Directional \uppercase{s}tatistics},
  author={Mardia, K.V. and Jupp, P.E.},
  OPTvolume={494},
  year={1999},
  publisher={Wiley}
}

@article{som97a,
author = {Somers, I. and Wang, Y.-G.},
title = {A Simulation Model for Evaluating Seasonal Closures in \uppercase{A}ustralia's Multispecies \uppercase{N}orthern \uppercase{P}rawn \uppercase{F}ishery},
journal = NAJFM,
volume = {17},
number = {1},
pages = {114-130},
year = {1997},
OPTdoi = {10.1577/1548-8675(1997)017<0114:ASMFES>2.3.CO;2},

OPTURL = {http://www.tandfonline.com/doi/abs/10.1577/1548-8675%281997%29017%3C0114%3AASMFES%3E2.3.CO%3B2},
OPTeprint = {http://www.tandfonline.com/doi/pdf/10.1577/1548-8675%281997%29017%3C0114%3AASMFES%3E2.3.CO%3B2}
}

@article {MEC:MEC3132,
author = {Ovenden, J.R. and Peel, D. and Street, R. and Courtney, A.J. and Hoyle, S.D. and Peel, S.L. and Podlich, H.},
title = {The genetic effective and adult census size of an \uppercase{A}ustralian population of tiger prawns ({\it \uppercase{P}enaeus esculentus})},
journal = MolEcol,
volume = {16},
number = {1},
OPTpublisher = {Blackwell Publishing Ltd},
OPTissn = {1365-294X},
OPTurl = {http://dx.doi.org/10.1111/j.1365-294X.2006.03132.x},
OPTdoi = {10.1111/j.1365-294X.2006.03132.x},
pages = {127--138},
OPTkeywords = {census, DNA microsatellites, genetic effective population size, Penaeus esculentus, spawning population size },
year = {2007},
}


@Article{Naylor2000,
  author = 	 {Naylor, R.L. and Goldburg, R.J. and Primavera, J.H. and Kautsky, N. and Beveridge, M.C.M. and Clay, J. and Folke, C and Lubchenco, J. and Mooney, H. and Troell, M.},
  title = 	 {Effect of aquaculture on world fish supplies},
  journal = 	 {Nature},
  year = 	 {2000},
  OPTkey = 	 {},
  volume = 	 {405},
  OPTnumber = 	 {},
  pages = 	 {1017--1024},
  OPTmonth = 	 {},
  OPTnote = 	 {},
  OPTannote = 	 {}
}

@Book{drapb,
  author = 	 {Draper, N.R. and Smith, H.},
  ALTeditor = 	 {},
  title = 	 {Applied Regression Analysis},
  publisher = 	 {Wiley \& Sons},
  year = 	 {1998},
  OPTkey = 	 {},
  OPTvolume = 	 {},
  OPTnumber = 	 {},
  OPTseries = 	 {},
  OPTaddress = 	 {},
  edition = 	 {third},
  OPTmonth = 	 {},
  OPTnote = 	 {},
  OPTannote = 	 {}
}

@Article{Der80a,
  author = 	 {Deriso, R.B.},
  title = 	 {Harvesting strategies and parameter estimation for an age-structured model},
  journal = 	 CanJFishAquatSci,
  year = 	 {1980},
  OPTkey = 	 {},
  volume = 	 {37},
  OPTnumber = 	 {},
  pages = 	 {268--282},
  OPTmonth = 	 {},
  OPTnote = 	 {},
  OPTannote = 	 {}
}

@TechReport{ONeill2006,
  author = 	 {O'Neill, M. and Leigh, G.M.},
  title = 	 {Fishing power and catch rates in the Queensland east coast trawl fishery},
  institution =  {Dept of Primary Industry and Fisheries},
  year = 	 {2006},
  OPTkey = 	 {},
  OPTtype = 	 {},
  number = 	 {QI06051},
  OPTaddress = 	 {},
  OPTmonth = 	 {},
  OPTnote = 	 {},
  OPTannote = 	 {}
}

@TechReport{SeaCRC2012,
  author = 	 {Courtney, A.J. and Kienzle, M. and Pascoe, S. and O'Neill, M.F. and Leigh, G.M. and Wang, Y.-G. and Innes, J. and Landers, M. and Braccini, M. and Prosser, A.J. and Baxter, P. and Sterling, D. and Larkin, J.},
  title = 	 {Harvest strategy evaluations and co-management for the Moreton Bay Trawl Fishery},
  institution =  {Australian Seafood CRC},
  year = 	 {2012},
  OPTkey = 	 {},
  OPTtype = 	 {},
  number = 	 {Project 2009/774},
  OPTaddress = 	 {},
  OPTmonth = 	 {},
  OPTnote = 	 {},
  OPTannote = 	 {}
}

@Article{punt2010a,
  author = 	 {Punt, A.E. and Deng, R.A. and Dichmont, C.M. and Kompas, T. and Venables, N. and Zhou, S. and Pascoe, S. and Hutton, T. and Kenyon, R. and van der Velde, T. and Kienzle, M.},
  title = 	 {Integrating size-structured assessment and bioeconomic management advice in \uppercase{A}ustralia's \uppercase{n}orthern \uppercase{p}rawn \uppercase{f}ishery},
  journal = 	 ICESJMarSc,
  year = 	 {2012},
  OPTkey = 	 {},
  volume = 	 {67},
  number = 	 {1785--1801},
  OPTpages = 	 {},
  OPTmonth = 	 {},
  OPTnote = 	 {},
  OPTannote = 	 {}
}

@InProceedings{whit75a,
  author = 	 {White, T.},
  title = 	 {Factors affecting the catchability of a penaeid shrimp {\it \uppercase{P}enaeus esculentus}.},
  OPTcrossref =  {},
  OPTkey = 	 {},
  booktitle = {\uppercase{P}roceedings of the \uppercase{F}irst \uppercase{A}ustralian \uppercase{N}ational \uppercase{P}rawn \uppercase{S}eminar},
  pages = 	 {115--137},
  year = 	 {1975},
  editor = 	 {PC Young},
  OPTvolume = 	 {},
  OPTnumber = 	 {},
  OPTseries = 	 {},
  OPTaddress = 	 {},
  OPTmonth = 	 {},
  OPTorganization = {},
  publisher = {AGPS, Canberra, Australia},
  OPTnote = 	 {},
  OPTannote = 	 {}
}


@Article{hill87a,
  author = 	 {Hill, B.J. and Wassenberg, T.J.},
  title = 	 {Feeding behaviour of adult tiger prawn, {\it Penaeus esculentus}, under laboratory conditions},
  journal = 	 AustJMarFreshRes,
  year = 	 {1987},
  OPTkey = 	 {},
  volume = 	 {38},
  OPTnumber = 	 {},
  pages = 	 {183--90},
  OPTmonth = 	 {},
  OPTnote = 	 {},
  OPTannote = 	 {}
}

@Article{sch85a,
  author = 	 {Schnute, J.},
  title = 	 {A general theory for analysis of catch and effort data},
  journal = 	 CanJFishAquatSci,
  year = 	 {1985},
  OPTkey = 	 {},
  volume = 	 {42},
  OPTnumber = 	 {},
  pages = 	 {414--429},
  OPTmonth = 	 {},
  OPTnote = 	 {},
  OPTannote = 	 {}
}

@Article{glai87a,
  author = 	 {Glaister, J.P. and Lau, T. and McDonall, V.C.},
  title = 	 {Growth and migration of tagged Eastern \uppercase{a}ustralian king prawns, {\it Penaeus plebejus} \uppercase{h}ess},
  journal = 	 AustJMarFreshRes,
  year = 	 {1987},
  OPTkey = 	 {},
  volume = 	 {38},
  OPTnumber = 	 {},
  pages = 	 {225--241},
  OPTmonth = 	 {},
  OPTnote = 	 {},
  OPTannote = 	 {}
}

@article{Dichmont2006204,
title = {Management strategies for short-lived species: the case of \uppercase{A}ustralia's \uppercase{N}orthern \uppercase{P}rawn \uppercase{F}ishery: 1. \uppercase{A}ccounting for multiple species, spatial structure and implementation uncertainty when evaluating risk},
journal = FishRes,
volume = {82},
number = {1--3},
pages = {204--220},
year = {2006},
OPTnote = {},
OPTissn = {0165-7836},
OPTdoi = {10.1016/j.fishres.2006.06.010},
OPTurl = {http://www.sciencedirect.com/science/article/pii/S0165783606002293},
author = {Dichmont, C.M. and Deng, A. and Punt, A.E. and Venables, W.N. and Haddon, M.},
OPTkeywords = {Input controls},
OPTkeywords = {Monte Carlo simulation},
OPTkeywords = {Multispecies modelling},
OPTkeywords = {Northern Prawn Fishery},
OPTkeywords = {Spatial structure}
}

@article {arr96a,
   author = {Arregu\'{i}n-S\'{a}nchez, F.},
   OPTaffiliation = {Centro Interdisciplinario de Ciencias Marinas del IPN, CICIMAR Apartado Postal 592 23000 La Paz Baja California Sur México},
   title = {Catchability: a key parameter for fish stock assessment},
   journal = {Reviews in Fish Biology and Fisheries},
   OPTpublisher = {Springer Netherlands},
   OPTissn = {0960-3166},
   OPTkeyword = {Biomedical and Life Sciences},
   pages = {221-242},
   volume = {6},
   issue = {2},
   OPTurl = {http://dx.doi.org/10.1007/BF00182344},
   OPTnote = {10.1007/BF00182344},
   year = {1996}
}

@Article{court95a,
  author = 	 {Courtney, A.J. and Masel, J.M. and Die, D.J.},
  title = 	 {Temporal and spatial patterns in recruitment of three penaeid prawns in \uppercase{m}oreton \uppercase{b}ay, \uppercase{q}ueensland, \uppercase{a}ustralia},
  journal = 	 EstCoastShelSc,
  year = 	 {1995},
  OPTkey = 	 {},
  volume = 	 {41},
  pages = 	 {377--392},
  OPTnumber = 	 {},
  OPTmonth = 	 {},
  OPTnote = 	 {},
  OPTannote = 	 {}
}

@Article{smi03a,
  author = 	 {Smith, M.T. and Addison, J.T.},
  title = 	 {Methods for stock assessment of crustacean fisheries},
  journal = 	 FishRes,
  year = 	 {2003},
  OPTkey = 	 {},
  volume = 	 {65},
  OPTnumber = 	 {},
  pages = 	 {231--256},
  OPTmonth = 	 {},
  OPTnote = 	 {},
  OPTannote = 	 {}
}

@InProceedings{penn85a,
  author = 	 {Penn, J.W. and Caputi, N.},
  title = 	 {Stock recruitment relationships for the tiger prawn, {\it \uppercase{P}enaeus esculentus}, fishery in \uppercase{e}xmouth \uppercase{g}ulf, \uppercase{w}estern \uppercase{a}ustralia, and their implications for management},
  OPTcrossref =  {},
  OPTkey = 	 {},
  booktitle = {Proceedings of the Second Australian National Prawn Seminar},
  pages = 	 {165--173},
  year = 	 {1985},
  editor = 	 {Rothlisberg PC, Hill BJ, Staples DJ},
  OPTvolume = 	 {},
  OPTnumber = 	 {},
  OPTseries = 	 {},
  OPTaddress = 	 {},
  OPTmonth = 	 {},
  OPTorganization = {},
  publisher = {Simpson Halligan, Brisbane, Australia},
  OPTnote = 	 {},
  OPTannote = 	 {}
}

@Article{Penn86a,
  author = 	 {Penn, J. W. and Caputi, N.},
  title = 	 {Spawning stock-recruitment relationships and environmental influences on the tiger prawn ({\it \uppercase{P}enaeus esculentus}) fishery in \uppercase{E}xmouth \uppercase{G}ulf, \uppercase{W}estern \uppercase{A}ustralia},
  journal = 	 {Australian Journal of Marine and Freshwater Research},
  year = 	 {1986},
  OPTkey = 	 {},
  OPTvolume = 	 {},
  number = 	 {37},
  pages = 	 {491--505},
  OPTmonth = 	 {},
  OPTnote = 	 {},
  OPTannote = 	 {}
}

@Article{ye2000a,
  author = 	 {Ye, Y.},
  title = 	 {Is recruitment related to spawning stock in penaeid shrimp fishereries ?},
  journal = 	 ICESJMarSc,
  year = 	 {2000},
  OPTkey = 	 {},
  volume = 	 {57},
  OPTnumber = 	 {},
  pages = 	 {1103--1109},
  OPTmonth = 	 {},
  OPTnote = 	 {},
  OPTannote = 	 {}
}

@Article{wan96a,
  author = 	 {Wang, Y.G. and Die, D.},
  title = 	 {Stock-recruitment relationships of the tiger prawns ({\it Penaeus esculentus} and {\it Penaeus semisulcatus} in the \uppercase{a}ustralian \uppercase{n}orthern \uppercase{p}rawn \uppercase{f}ishery},
  journal = 	 AustJMarFreshRes,
  year = 	 {1996},
  OPTkey = 	 {},
  volume = 	 {47},
  OPTnumber = 	 {},
  pages = 	 {87--95},
  OPTmonth = 	 {},
  OPTnote = 	 {},
  OPTannote = 	 {}
}

@book{MacKay2003,
  added-at = {2007-05-24T14:43:04.000+0200},
  author = {MacKay, David J. C.},
  biburl = {http://www.bibsonomy.org/bibtex/24c23fea472f6e75c0964badd83883d77/tmalsburg},
  interhash = {86f621d9d6f9f159448f768d792d4511},
  intrahash = {4c23fea472f6e75c0964badd83883d77},
  keywords = {bayesian inference, information theory, neural networks, pattern recognition, probabilitytheory},
  publisher = {Cambridge University Press},
  timestamp = {2007-05-24T14:43:04.000+0200},
  title = {Information Theory, Inference, and Learning Algorithms},
  year = 2003
}

@Book{collett94b,
  author = 	 {Collett, D.},
  ALTeditor = 	 {},
  title = 	 {Modelling survival data in medical research},
  publisher = 	 {Chapman \& Hall},
  year = 	 {1994},
  OPTkey = 	 {},
  OPTvolume = 	 {},
  OPTnumber = 	 {},
  OPTseries = 	 {},
  OPTaddress = 	 {},
  edition = 	 {First},
  OPTmonth = 	 {},
  OPTnote = 	 {},
  OPTannote = 	 {}
}

@Article{grib94a,
  author = 	 {Gribble, N and Dredge, M.},
  title = 	 {Mixed-species yield-per-recruit simulations of the effect of seasonal closure on a central \uppercase{Q}ueensland coastal prawn trawling ground},
  journal = 	 CanJFishAquatSci,
  year = 	 {1994},
  OPTkey = 	 {},
  volume = 	 {51},
  OPTnumber = 	 {},
  pages = 	 {998--1010},
  OPTmonth = 	 {},
  OPTnote = 	 {},
  OPTannote = 	 {}
}

@Article{OBrien94a,
  author = 	 {O'Brien, C.J.},
  title = 	 {Population dynamics of juvenile tiger prawns {\it \uppercase{P}enaeus esculentus} in south \uppercase{Q}ueensland, \uppercase{A}ustralia},
  journal = 	 MarEcolProgSer,
  year = 	 {1994},
  OPTkey = 	 {},
  volume = 	 {104},
  OPTnumber = 	 {},
  pages = 	 {247--256},
  OPTmonth = 	 {},
  OPTnote = 	 {},
  OPTannote = 	 {}
}

@Article{court97a,
  author = 	 {Courtney, A.J. and Masel, J.M.},
  title = 	 {Spawning stock dynamics of two penaeid prawns, {\it \uppercase{M}etapenaeus bennettae} and {\it \uppercase{P}enaeus esculentus}, in \uppercase{M}oreton \uppercase{B}ay, \uppercase{Q}ueensland, \uppercase{A}ustralia},
  journal = 	 MarEcolProgSer,
  year = 	 {1997},
  OPTkey = 	 {},
  volume = 	 {148},
  OPTnumber = 	 {},
  pages = 	 {37--47},
  OPTmonth = 	 {},
  OPTnote = 	 {},
  OPTannote = 	 {}
}

@TechReport{garcia1981life,
  author = 	 {Garc\'{i}a, S. and Reste, L.L.},
  title = 	 {Life cycles, dynamics, exploitation and management of coastal penaeid shrimp stocks},
  institution =  {FAO},
  year = 	 {1981},
  OPTkey = 	 {},
  OPTtype = 	 {},
  number = 	 {203},
  OPTaddress = 	 {},
  OPTmonth = 	 {},
  OPTnote = 	 {http://books.google.ba/books?id=c2oTAAAAYAAJ},
  OPTannote = 	 {}
}

@Article{kirk84a,
  author = 	 {Kirkwood, G.P. and Somers, I.F.},
  title = 	 {Growth of two species of tiger prawn {\it Penaeus esculentus} and {\it P. semisulcatus}, in the Western Gulf of Carpentaria},
  journal = 	 AustJMarFreshRes,
  year = 	 {1984},
  OPTkey = 	 {},
  volume = 	 {35},
  OPTnumber = 	 {},
  pages = 	 {703--12},
  OPTmonth = 	 {},
  OPTnote = 	 {},
  OPTannote = 	 {}
}

@Manual{metoc2012,
    title = {Hydrography, \uppercase{M}eteorology and \uppercase{O}ceanography \uppercase{s}ervices},
    author = {Anon.},
    organization = {Australian Government -- Department of Defence},
    year = {2012},
    note = {last accessed on 9$^{th}$ January 2012},
    url = {www.metoc.gov.au}
  }

@Article{zhou11a,
  author = 	 {Zhou, S and Punt, A. and Deng, R and Bishop, J.},
  title = 	 {Estimating multifleet catchability coefficients and natural mortality from fishery catch and effort data: comparison of \uppercase{B}ayesian state-space and observation error models},
  journal = 	 CanJFishAquatSci,
  year = 	 {2011},
  OPTkey = 	 {},
  volume = 	 {68},
  OPTnumber = 	 {},
  pages = 	 {1171--1181},
  OPTmonth = 	 {},
  OPTnote = 	 {},
  OPTannote = 	 {}
}

@Article{lee11a,
  author = 	 {Lee, H and Maunder, M and Piner, K.R. and Method, R.D.},
  title = 	 {Estimating natural mortality within a fisheries stock assessment model: an evaluation using simulation analysis based on twelve stock assessments},
  journal = 	 FishRes,
  year = 	 {2011},
  OPTkey = 	 {},
  volume = 	 {109},
  OPTnumber = 	 {},
  pages = 	 {89--94},
  OPTmonth = 	 {},
  OPTnote = 	 {},
  OPTannote = 	 {}
}

@Article{Wang99a,
  author = 	 {Wang, Y.G.},
  title = 	 {A maximum-likelihood method for estimating natural mortality and catchability coefficient from catch and effort data},
  journal = 	 MarFreshRes,
  year = 	 {1999},
  OPTkey = 	 {},
  volume = 	 {50},
  OPTnumber = 	 {},
  pages = 	 {307--11},
  OPTmonth = 	 {},
  OPTnote = 	 {},
  OPTannote = 	 {}
}

@Article{young78a,
  author = 	 {Young, P.C.},
  title = 	 {Moreton Bay, Queensland: a nursery area for juvenile penaeid prawns},
  journal = 	 AustJMarFreshRes,
  year = 	 {1978},
  OPTkey = 	 {},
  volume = 	 {29},
  OPTnumber = 	 {},
  pages = 	 {55-75},
  OPTmonth = 	 {},
  OPTnote = 	 {},
  OPTannote = 	 {}
}

@Article{kim78a,
  author = 	 {Kimura, D.},
  title = 	 {Logistic model for estimating selection ogives from catches of codends whose ogives overlap},
  journal = 	 JConsIntExplorMer,
  year = 	 {1978},
  OPTkey = 	 {},
  volume = 	 {38},
  number = 	 {1},
  pages = 	 {116--119},
  OPTmonth = 	 {},
  OPTnote = 	 {},
  OPTannote = 	 {}
}

@InProceedings{hil85a,
  author = 	 {Hill, B.J.},
  title = 	 {Effect of temperature on duration of emergence, speed of movement, and catchability of the prawn {\it \uppercase{P}enaeus esculentus}},
  OPTcrossref =  {},
  OPTkey = 	 {},
  booktitle = {Proceedings of the Second Australian National Prawn Seminar},
  pages = 	 {77--83},
  year = 	 {1985},
  editor = 	 {Rothlisberg PC, Hill BJ, Staples DJ},
  OPTvolume = 	 {},
  OPTnumber = 	 {},
  OPTseries = 	 {},
  OPTaddress = 	 {},
  OPTmonth = 	 {},
  OPTorganization = {},
  publisher = {Simpson Halligan, Brisbane, Australia},
  OPTnote = 	 {},
  OPTannote = 	 {}
}

@Article{grotag,
  author = 	 {Francis, R.I.C.C.},
  title = 	 {Maximum likelihood estimation of growth and growth variability from tagging data},
  journal = 	 {New Zealand Journal of Marine and Freshwater Research},
  year = 	 {1988},
  OPTkey = 	 {},
  volume = 	 {22},
  OPTnumber = 	 {},
  pages = 	 {43--51},
  OPTmonth = 	 {},
  OPTnote = 	 {},
  OPTannote = 	 {}
}

@Misc{DrFScharf,
  key = 	 {Course 458 - lecture 20},
  author = 	 {Scharf, F.},
  title = 	 {\uppercase{s}urplus \uppercase{p}roduction \uppercase{m}odel},
  howpublished = {http://people.uncw.edu/scharff/courses/458/Lecture\%2011\%20-\%20surplus\%20production\%20models.pdf},
  OPTmonth = 	 {},
  year = 	 {2011},
  OPTnote = 	 {last accessed on 2/4/2011},
  OPTannote = 	 {}
}

@Article{chi75a,
  author = 	 {Chittleborough, R. G.},
  title = 	 {Environmental factors affecting growth and survival of Juvenile Western Rock Lobsters {\it \uppercase{p}anulirus longipes} (\uppercase{M}ilne-\uppercase{E}dwards)},
  journal = 	 AustJMarFreshRes,
  year = 	 {1975},
  OPTkey = 	 {},
  volume = 	 {26},
  OPTnumber = 	 {},
  pages = 	 {177--96},
  OPTmonth = 	 {},
  OPTnote = 	 {},
  OPTannote = 	 {}
}

@Book{cox84b,
  author = 	 {Cox, D.R. and Oakes, D.},
  ALTeditor = 	 {},
  title = 	 {Analysis of survival data},
  publisher = 	 {Chapman and Hall},
  year = 	 {1984},
  OPTkey = 	 {},
  OPTvolume = 	 {},
  OPTnumber = 	 {},
  OPTseries = 	 {},
  OPTaddress = 	 {},
  OPTedition = 	 {},
  OPTmonth = 	 {},
  OPTnote = 	 {},
  OPTannote = 	 {}
}

@Article{pop82a,
  author = 	 {Pope, J. G. and Shepherd, J. G.},
  title = 	 {A simple method for the consistent interpretation of catch-at-age data},
  journal = 	 {J. Cons. int. Explor. Mer},
  year = 	 {1982},
  OPTkey = 	 {},
  volume = 	 {40},
  OPTnumber = 	 {},
  pages = 	 {176--184},
  OPTmonth = 	 {},
  OPTnote = 	 {},
  OPTannote = 	 {}
}

@Article{polovina89a,
  author = 	 {Polovina, J. J.},
  title = 	 {Density \uppercase{d}ependence in \uppercase{s}piny \uppercase{l}obster, {\it \uppercase{p}anulirus marginatus}, in the \uppercase{n}orthwestern \uppercase{h}awaiian \uppercase{i}slands},
  journal = 	 CanJFishAquatSci, 
  year = 	 {1989},
  OPTkey = 	 {},
  volume = 	 {46},
  OPTnumber = 	 {},
  pages = 	 {660--665},
  OPTmonth = 	 {},
  OPTnote = 	 {},
  OPTannote = 	 {}
}

@Article{tuck97a,
  author = 	 {Tuck, I. D. and Chapman, C. J. and Atkinson, R. J. A.},
  title = 	 {Population biology of the \uppercase{n}orway lobster, {\it \uppercase{n}ephrops norvegicus} (\uppercase{l}.) in the \uppercase{f}irth of \uppercase{c}lyde, \uppercase{s}cotland -- \uppercase{i}: \uppercase{g}rowth and density},
  journal = 	 ICESJMarSc,
  year = 	 {1997},
  OPTkey = 	 {},
  volume = 	 {54},
  OPTnumber = 	 {},
  pages = 	 {125--135},
  OPTmonth = 	 {},
  OPTnote = 	 {},
  OPTannote = 	 {}
}

@Article{foll07a,
  author = 	 {Follesa, M. C and Cuccu, D. and Cannas, R. and Cau, A.},
  title = 	 {On the growth of the \uppercase{e}uropean spiny lobster, {\it \uppercase{p}alinurus elephas} from \uppercase{s}ardinian waters (central western \uppercase{m}editerranean \uppercase{s}ea},
  journal = 	 {New Zealand Journal of Marine and Freshwater Research},
  year = 	 {2007},
  OPTkey = 	 {},
  volume = 	 {41},
  OPTnumber = 	 {},
  pages = 	 {377--383},
  OPTmonth = 	 {},
  OPTnote = 	 {},
  OPTannote = 	 {}
}

@Article{ulmes01a,
  author = 	 {Ulmestrand, M. and Eggert, H.},
  title = 	 {Growth of Norway lobster, {\it \uppercase{N}ephrops norvegicus} (Linnaeus, 1758), in the Skagerrak, esimated from tagging experiments and length frequency data},
  journal = 	 ICESJMarSc,
  year = 	 {2001},
  OPTkey = 	 {},
  volume = 	 {58},
  OPTnumber = 	 {},
  pages = 	 {1326--34},
  OPTmonth = 	 {},
  OPTnote = 	 {},
  OPTannote = 	 {}
}

@Article{Punt06a1,
  author = 	 {Punt, A. E. and Hobday, D. and Gerhard, J. and Troynikov, V. S.},
  title = 	 {Modelling growth of rock lobsters, {\it \uppercase{J}asus edwarsii}, off \uppercase{v}ictoria, \uppercase{a}ustralia using models that allow for individual variation in growth parameters},
  journal = 	 {Fisheries Research},
  year = 	 {2006},
  OPTkey = 	 {},
  volume = 	 {82},
  OPTnumber = 	 {},
  pages = 	 {119--130},
  OPTmonth = 	 {},
  OPTnote = 	 {},
  OPTannote = 	 {}
}

@Article{Hazell01,
  author = 	 {Hazell, A. R. W. and Cockcroft, A. C. and Mayfield, S. and Noffke, M.},
  title = 	 {Factors influencing the growth rate of juvenile rock lobsters, {\it \uppercase{J}asus lalandii}},
  journal = 	 MarFreshRes,
  year = 	 {2001},
  OPTkey = 	 {},
  volume = 	 {52},
  OPTnumber = 	 {},
  pages = 	 {1367--73},
  OPTmonth = 	 {},
  OPTnote = 	 {PDF in Bibliography/HazellEtal2001.pdf},
  OPTannote = 	 {}
}

@Article{laslet04a,
  author = 	 {Laslett, G. M. and Paige Eveson, J. and Polacheck, T.},
  title = 	 {Fitting growth models to length frequency data},
  journal = 	 ICESJMarSc,
  year = 	 {2004},
  OPTkey = 	 {},
  volume = 	 {61},
  OPTnumber = 	 {},
  pages = 	 {218--230},
  OPTmonth = 	 {},
  OPTnote = 	 {PDF in Bibliography/LaslettEtal2004.pdf
},
  OPTannote = 	 {}
}

@Article{,
  author = 	 {Jackson, D. A. and Somers, K. M. and Harvey, H. H.},
  title = 	 {Similarity coefficients: measures of co-occurences and association or simply measures of occurences ?},
  journal = 	 {The American Naturalist},
  year = 	 {1989},
  OPTkey = 	 {},
  volume = 	 {133},
  number = 	 {3},
  pages = 	 {436--453},
  OPTmonth = 	 {},
  OPTnote = 	 {},
  OPTannote = 	 {pdf in /home/mkienzle/CSIRO/cmar_projects/Bibliography/amnat133.pdf}
}

@book{grimmett92,
  author = {Geoffrey Grimmett and David Stirzaker},
  interhash = {8b4fbc44fcf9d4eb5c77046910058945},
  intrahash = {f95cd34fc1a20f715337b62d55521849},
  title = {Probability and Random Processes},
  year = 1992,
  date-added = {2007-09-03 22:45:16 -0500},
  date-modified = {2007-09-03 22:45:16 -0500},
  keywords = {probability statistics},
  added-at = {2009-10-28T04:42:52.000+0100},
  biburl = {http://www.bibsonomy.org/bibtex/2f95cd34fc1a20f715337b62d55521849/jwbowers},
  citeulike-article-id = {106945}
}

@Book{Man07b,
  author = 	 {Manly, B},
  ALTeditor = 	 {},
  title = 	 {Randomization, bootstrap and Monte Carlo methods in biology},
  publisher = 	 {Chapman \& Hall},
  year = 	 {2007},
  OPTkey = 	 {},
  OPTvolume = 	 {},
  OPTnumber = 	 {},
  OPTseries = 	 {},
  OPTaddress = 	 {},
  OPTedition = 	 {},
  OPTmonth = 	 {},
  OPTnote = 	 {455 pages},
  OPTannote = 	 {ISBN	1584885416, 9781584885412}
}

@Article{rat82a,
  author = 	 {Ratliff, R. D.},
  title = 	 {A correction of Coles's C(7) and Hurlbert's C(8) coefficients of interspecific association},
  journal = 	 {Ecology},
  year = 	 {1982},
  OPTkey = 	 {},
  volume = 	 {63},
  number = 	 {5},
  pages = 	 {1605--1606},
  OPTmonth = 	 {},
  OPTnote = 	 {},
  OPTannote = 	 {}
}

@Article{hurl69a,
  author = 	 {Hurlbert, S. H.},
  title = 	 {A coefficient of interspecific association},
  journal = 	 {Ecology},
  year = 	 {1969},
  OPTkey = 	 {},
  volume = 	 {50},
  number = 	 {1},
  pages = 	 {1--9},
  OPTmonth = 	 {},
  OPTnote = 	 {},
  OPTannote = 	 {}
}

@InCollection{pol2007a,
  author = 	 {Poloczanska, E. S. and Babcock, R. C. and Butler, A. and Hobday, A. J. and Hoegh-Guldberg, O. and Kunz, T. J. and Matear, R. and Milton, D. A. and Okey, T. A. and Richardson, A. J.},
  title = 	 {Climate change and Australian marine life},
  booktitle = 	 {Oceanography and Marine Biology: an annual review},
  OPTcrossref =  {},
  OPTkey = 	 {},
  pages = 	 {407--478},
  publisher = {CRC Press},
  year = 	 {2007},
  editor = 	 {Gibson, R. N. and Atkinson, R. J. A. and Gordon, J. D. M.},
  volume = 	 {45},
  OPTnumber = 	 {},
  OPTseries = 	 {},
  OPTtype = 	 {},
  OPTchapter = 	 {},
  OPTaddress = 	 {},
  OPTedition = 	 {},
  OPTmonth = 	 {},
  OPTnote = 	 {},
  OPTannote = 	 {}
}

@Article{den1997a,
  author = 	 {Dennis, D. M. and Skewes, T. D. and Pitcher, C. R.},
  title = 	 {Habitat use and growth of juvenile ornate rock lobsters, {\it \uppercase{p}anulirus ornatus} (Fabricius, 1798), in \uppercase{t}orres \uppercase{s}trait, \uppercase{a}ustralia},
  journal = 	 MarFreshRes,
  year = 	 {1997},
  OPTkey = 	 {},
  volume = 	 {48},
  OPTnumber = 	 {},
  pages = 	 {663--670},
  OPTmonth = 	 {},
  OPTnote = 	 {},
  OPTannote = 	 {}
}


@Book{phi06b,
  ALTauthor = 	 {},
  editor = 	 {Phillips, B. F.},
  title = 	 {Lobsters: biology, management, aquaculture and fisheries},
  publisher = 	 {Blackwell publishing},
  OPTlocation = {Oxford, UK},
  year = 	 {2006},
  OPTkey = 	 {},
  OPTvolume = 	 {},
  OPTnumber = 	 {},
  OPTseries = 	 {},
  OPTaddress = 	 {},
  OPTedition = 	 {},
  OPTmonth = 	 {},
  OPTnote = 	 {},
  OPTannote = 	 {}
}

@InCollection{wah06c,
  author = 	 {Wahle, R. A. and Fogarty, M. J.},
  editor = 	 {Phillips, B. F.},
  title = 	 {\uppercase{g}rowth and development: understanding and modelling growth variability in lobsters},
  booktitle = 	 {Lobsters: biology, management, aquaculture and fisheries},
  publisher = 	 {Blackwell publishing},
  OPTlocation = {Oxford, UK},
  year = 	 {2006},
  OPTkey = 	 {},
  OPTvolume = 	 {},
  OPTnumber = 	 {},
  OPTseries = 	 {},
  OPTtype = 	 {},
  OPTaddress = 	 {},
  OPTedition = 	 {},
  OPTmonth = 	 {},
  OPTpages = 	 {},
  OPTnote = 	 {},
  OPTannote = 	 {}
}

@Article{kni68a,
  author = 	 {Knight, W.},
  title = 	 {Asymptotic growth: an example of nonsense disguised as mathematics.},
  journal = 	 JFishResBrdCan,
  year = 	 {1968},
  OPTkey = 	 {},
  volume = 	 {25},
  number = 	 {6},
  pages = 	 {1303--1307},
  OPTmonth = 	 {},
  OPTnote = 	 {},
  OPTannote = 	 {}
}

@Article{roff80a,
  author = 	 {Roff, D. A.},
  title = 	 {A motion for the retirement of the Von Bertalanffy function},
  journal = 	 CanJFishAquatSci,
  year = 	 {1980},
  OPTkey = 	 {},
  volume = 	 {37},
  OPTnumber = 	 {},
  pages = 	 {127--129},
  OPTmonth = 	 {},
  OPTnote = 	 {},
  OPTannote = 	 {}
}

@Article{ziv99a,
  author = 	 {\v{Z}ivkov, M. T. and Trichkova, T. A. and Raikova-Petrova, G. N.},
  title = 	 {Biological reasons for the unsuitability of growth parameters and indices for comparing fish growth},
  journal = 	 {\uppercase{E}nvironmental \uppercase{B}iology of \uppercase{f}ishes},
  year = 	 {1999},
  OPTkey = 	 {},
  volume = 	 {54},
  OPTnumber = 	 {},
  pages = 	 {67--76},
  OPTmonth = 	 {},
  OPTnote = 	 {},
  OPTannote = 	 {}
}

@Article{den92a,
  author = 	 {Dennis, D. M. and Pitcher, C. R. and Prescott, J. H. and Skewes, T. D.},
  title = 	 {Severe mortality in a breeding population of ornate rock lobster {\it \uppercase{p}anulirus ornatus} (\uppercase{f}abricius) at \uppercase{y}ule island, \uppercase{P}apua \uppercase{N}ew \uppercase{G}uinea},
  journal = 	 JExpMarBioEco,
  year = 	 {1992},
  OPTkey = 	 {},
  volume = 	 {162},
  number = 	 {2},
  pages = 	 {143--158},
  OPTmonth = 	 {},
  OPTnote = 	 {},
  OPTannote = 	 {}
}

@Article{bell87a,
  author = 	 {Bell, R. S. and Channells, P. W. and MacFarlane, J. W. and Moore, R. and Phillips, B. F.},
  title = 	 {Movement and breeding of the Ornate Rock Lobster, {\it \uppercase{p}anulirus ornatus}, in \uppercase{t}orres \uppercase{s}trait and on the \uppercase{n}orth-\uppercase{e}ast of \uppercase{q}ueensland},
  journal = 	 AustJMarFreshRes,
  year = 	 {1987},
  OPTkey = 	 {},
  volume = 	 {38},
  OPTnumber = 	 {},
  pages = 	 {197--210},
  OPTmonth = 	 {},
  OPTnote = 	 {},
  OPTannote = 	 {}
}

@Misc{QGweb20101,
  key = 	 {Queensland Government},
  OPTauthor = 	 {},
  title = 	 {\uppercase{t}orres \uppercase{s}trait commercial fishing licences},
  howpublished = {www.dpi.qld.gov.au/28\_15449.html},
  OPTmonth = 	 {},
  year = 	 {2010},
  OPTnote = 	 {last accessed on 9/6/2010},
  OPTannote = 	 {}
}

@Article{marr50a,
  author = 	 {Marr, J. C.},
  title = 	 {On the use of the terms abundance, availability and apparent abundance in fishery biology},
  journal = 	 {Copeia},
  year = 	 {1951},
  OPTkey = 	 {},
  volume = 	 {2},
  OPTnumber = 	 {},
  pages = 	 {163--169},
  OPTmonth = 	 {},
  OPTnote = 	 {},
  OPTannote = 	 {}
}

@Article{ye09a,
  author = 	 {Ye, Y. and Dennis, D. M.},
  title = 	 {How reliable are the abundance indices derived from commercial catch-effort standardization ?},
  journal = 	 CanJFishAquatSci,
  year = 	 {2009},
  OPTkey = 	 {},
  volume = 	 {66},
  OPTnumber = 	 {},
  pages = 	 {1169--1178},
  OPTmonth = 	 {},
  OPTnote = 	 {},
  OPTannote = 	 {}
}

@Book{Mc2000b,
  author = 	 {McCallum, H.},
  ALTeditor = 	 {},
  title = 	 {Population parameters: estimation for ecological models},
  publisher = 	 {Blackwell Science},
  year = 	 {2000},
  OPTkey = 	 {},
  OPTvolume = 	 {},
  OPTnumber = 	 {},
  OPTseries = 	 {},
  OPTaddress = 	 {},
  OPTedition = 	 {},
  OPTmonth = 	 {},
  OPTnote = 	 {ISBN 0-86542-740-2},
  OPTannote = 	 {}
}

@Article{ye05a,
  author = 	 {Ye, Y. and Pitcher, C. R. and Dennis, D. M. and Skewes, T.},
  title = 	 {Constructing abundance indices from scientific surveys of different designs for the Torres Strait ornate rock lobster ({\it \uppercase{p}anulirus ornatus}) fishery, \uppercase{a}ustralia},
  journal = 	 {Fisheries Research},
  year = 	 {2005},
  OPTkey = 	 {},
  volume = 	 {73},
  OPTnumber = 	 {},
  pages = 	 {187--200},
  OPTmonth = 	 {},
  OPTnote = 	 {},
  OPTannote = 	 {}
}

@Book{hain85b,
  ALTauthor = 	 {},
  editor = 	 {Haines, A. K. and Williams, G. C. and Coates, D.},
  title = 	 {Torres Strait fisheries seminar},
  publisher = 	 {Australian Government Publishing Services},
  year = 	 {1985},
  OPTkey = 	 {},
  OPTvolume = 	 {},
  OPTnumber = 	 {},
  OPTseries = 	 {},
  OPTaddress = 	 {},
  OPTedition = 	 {},
  month = 	 {11--14 February},
  OPTnote = 	 {},
  OPTannote = 	 {}
}

@Article{ye08a,
  author = 	 {Ye, Y. and Dennis, D. M. and Skewes, T.},
  title = 	 {Estimating the sustainable lobster ({\it \uppercase{p}anulirus ornatus}) catch in  \uppercase{T}orres  \uppercase{S}trait,  \uppercase{A}ustralia, using an age-structured stock assessment model},
  journal = 	 {Continental Shelf Research},
  year = 	 {2008},
  OPTkey = 	 {},
  volume = 	 {28},
  number = 	 {16},
  pages = 	 {2160--2167},
  OPTmonth = 	 {},
  OPTnote = 	 {},
  OPTannote = 	 {}
}

@Article{fou90a,
  author = 	 {Fournier, D. A and Sibert, J. R. and Majkowski, J. and Hampton, J.},
  title = 	 {\uppercase{MULTIFAN} a likelihood-based method for estimating growth parameters and age composition from multiple length frequency data sets illustrated using data for \uppercase{s}outhern \uppercase{b}luefin \uppercase{t}una ({\it \uppercase{t}hunnus maccoyii})},
  journal = 	 CanJFishAquatSci,
  year = 	 {1990},
  OPTkey = 	 {},
  volume = 	 {47},
  OPTnumber = 	 {},
  pages = 	 {301--317},
  OPTmonth = 	 {},
  OPTnote = 	 {},
  OPTannote = 	 {}
}

@Book{ever81b,
  author = 	 {Everitt, B. S. and Hand, D. J.},
  ALTeditor = 	 {},
  title = 	 {Finite Mixture distributions},
  publisher = 	 {Chapman and Hall, London, New York},
  year = 	 {1981},
  OPTkey = 	 {},
  OPTvolume = 	 {},
  OPTnumber = 	 {},
  OPTseries = 	 {},
  OPTaddress = 	 {},
  OPTedition = 	 {},
  OPTmonth = 	 {},
  OPTnote = 	 {},
  OPTannote = 	 {}
}

@Article{ske97a2,
  author = 	 {Skewes, T. D. and Pitcher, C. R. and Dennis, D. M.},
  title = 	 {Growth of ornate rock lobsters, {\it \uppercase{p}anulirus ornatus}, in \uppercase{T}orres \uppercase{S}trait, \uppercase{A}ustralia},
  journal = 	 MarFreshRes,
  year = 	 {1997},
  OPTkey = 	 {},
  volume = 	 {48},
  OPTnumber = 	 {},
  pages = 	 {497--501},
  OPTmonth = 	 {},
  OPTnote = 	 {},
  OPTannote = 	 {}
}

@Article{pit92a,
  author = 	 {Pitcher, C. R. and Skewes, T. D. and Dennis, D. M. and Prescott, J. H.},
  title = 	 {Estimation of the abundance of the tropical lobster {\it \uppercase{p}anulirus ornatus} in \uppercase{t}orres \uppercase{s}trait, using visual transect-survey methods},
  journal = 	 {Marine Biology},
  year = 	 {1992},
  OPTkey = 	 {},
  volume = 	 {113},
  OPTnumber = 	 {},
  pages = 	 {57--64},
  OPTmonth = 	 {},
  OPTnote = 	 {},
  OPTannote = 	 {}
}

@Article{moo84a,
  author = 	 {Moore, R. and MacFarlane, J. W.},
  title = 	 {Migration of the \uppercase{o}rnate \uppercase{r}ock \uppercase{l}obster, {\it \uppercase{p}anulirus ornatus} (\uppercase{f}abricius), in \uppercase{p}apua \uppercase{n}ew \uppercase{g}uinea},
  journal = 	 AustJMarFreshRes,
  year = 	 {1984},
  OPTkey = 	 {},
  volume = 	 {35},
  OPTnumber = 	 {},
  pages = 	 {197--212},
  OPTmonth = 	 {},
  OPTnote = 	 {},
  OPTannote = 	 {}
}

@TechReport{tren88a,
  author = 	 {Trendall, J. T. and Bell, R. S. and Phillips, B. F.},
  title = 	 {Growth of the spiny lobster {\it Panulirus ornatus}, in the \uppercase{t}orres \uppercase{s}trait.},
  institution =  {\uppercase{s}outh \uppercase{p}acific \uppercase{c}ommission},
  year = 	 {1988},
  OPTkey = 	 {},
  OPTtype = 	 {},
  number = 	 {SPC/Inshore Fish. Res./90},
  OPTaddress = 	 {},
  OPTmonth = 	 {},
  OPTnote = 	 {},
  OPTannote = 	 {}
}

@Article{phi92a,
  author = 	 {Phillips, B. F. and Palmer, M. J. and Cruz, R. and Trendall, J. T.},
  title = 	 {Estimating growth of the spiny lobsters {\it \uppercase{P}anulirus cygnus}, {\it \uppercase{P}. argus} and {\it \uppercase{P}. ornatus}},
  journal = 	 AustJMarFreshRes,
  year = 	 {1992},
  OPTkey = 	 {},
  volume = 	 {43},
  OPTnumber = 	 {},
  pages = 	 {1177--88},
  OPTmonth = 	 {},
  OPTnote = 	 {},
  OPTannote = 	 {}
}

@Book{FSRaus2008,
  ALTauthor = 	 {},
  editor = 	 {Wilson, D. and Curtotti, R. and Begg, G. and Phillips, K.},
  title = 	 {Fishery status report 2008: status of fish stocks and fisheries managed by the \uppercase{a}ustralian \uppercase{g}overnment},
  publisher = 	 {Bureau of Rural Sciences \& Australian Bureau of Agricultural and Resource Economics},
  year = 	 {2009},
  OPTkey = 	 {},
  OPTvolume = 	 {},
  OPTnumber = 	 {},
  OPTseries = 	 {},
  address = 	 {Canberra},
  OPTedition = 	 {},
  OPTmonth = 	 {},
  OPTnote = 	 {},
  OPTannote = 	 {}
}

@Article{cam04a,
  author = 	 {Campbell, Robert A.},
  title = 	 {\uppercase{cpue} standardisation and the construction of indices of stock abundance in a spatially varying fishery using general linear models},
  journal = 	 FishRes,
  year = 	 {2004},
  OPTkey = 	 {},
  volume = 	 {70},
  OPTnumber = 	 {},
  pages = 	 {2009--227},
  OPTmonth = 	 {},
  OPTnote = 	 {},
  OPTannote = 	 {}
}

@TechReport{2007Ye802,
  author = 	 {Ye, Y. and Dennis, Darren M. and Skewes, Tim and Brewer, David and Haywood, Michael and McLeod, Ian and Wassenberg, Ted and Pillans, Richard and Chetwynd, Doug and Dell, Quinton and Coman, Greg},
  title = 	 {2007 relative abundance survey and assessment of the \uppercase{t}orres \uppercase{s}trait lobster fishery},
  institution =  {CSIRO},
  year = 	 {2007},
  OPTkey = 	 {},
  OPTtype = 	 {},
  number = 	 {AFMA Project Number: 2007/802},
  OPTaddress = 	 {},
  OPTmonth = 	 {},
  OPTnote = 	 {ISBN 978-1-921424-45-8},
  OPTannote = 	 {}
}

@Book{krebs01b,
  author = 	 {Krebs, Charles J.},
  ALTeditor = 	 {},
  title = 	 {Ecology: the experimental analysis of distribution and abundance},
  publisher = 	 {Benjamin Cummings},
  year = 	 {2001},
  OPTkey = 	 {},
  OPTvolume = 	 {},
  OPTnumber = 	 {},
  OPTseries = 	 {},
  OPTaddress = 	 {},
  OPTedition = 	 {},
  OPTmonth = 	 {},
  OPTnote = 	 {},
  OPTannote = 	 {}
}

@Article{fran74a,
  author = 	 {Francis, R. C.},
  title = 	 {Relationship of fishing mortality to natural mortality at the level of maximum sustainable yield under the logistic stock production model},
  journal = 	 JFishResBrdCan,
  year = 	 {1974},
  OPTkey = 	 {},
  volume = 	 {41},
  number = 	 {9},
  OPTpages = 	 {},
  OPTmonth = 	 {},
  OPTnote = 	 {},
  OPTannote = 	 {}
}

@InBook{sim94cb1,
  author = 	 {Somers, I.},
  OPTeditor = 	 {Pownall, P. C.},
  title = 	 {\uppercase{A}ustralia's \uppercase{N}orthern \uppercase{P}rawn \uppercase{F}ishery},
  chapter = 	 {Counting prawns: stock assessment},
  publisher = 	 {NPF25, Cleveland, Australia},
  year = 	 {1994},
  OPTkey = 	 {},
  OPTvolume = 	 {},
  OPTnumber = 	 {},
  OPTseries = 	 {},
  OPTtype = 	 {},
  OPTaddress = 	 {},
  OPTedition = 	 {},
  OPTmonth = 	 {},
  OPTpages = 	 {},
  OPTnote = 	 {},
  OPTannote = 	 {}
}


@TechReport{mil08r,
  author = 	 {Milton, D. A. and Kenyon, R. A. and Burridge, C. and Zhu, M. and Pendrey, R and van der Velde, T. and Donovan, A. and Kienzle, M.},
  title = 	 {An integrated monitoring program for the \uppercase{N}orthern \uppercase{P}rawn \uppercase{F}ishery},
  institution =  {AFMA, Canberra, Australia},
  year = 	 {2008},
  OPTkey = 	 {},
  OPTtype = 	 {},
  number = 	 {R05/1024},
  OPTaddress = 	 {},
  OPTmonth = 	 {},
  OPTnote = 	 {},
  OPTannote = 	 {}
}

@InBook{rob94cb1,
  author = 	 {Robins, C. and Sachse, M.},
  OPTeditor = 	 {Pownall, P. C.},
  title = 	 {\uppercase{A}ustralia's \uppercase{N}orthern \uppercase{P}rawn \uppercase{F}ishery},
  chapter = 	 {Time and tides: a history of the fishery},
  publisher = 	 {NPF25, Cleveland, Australia},
  year = 	 {1994},
  OPTkey = 	 {},
  OPTvolume = 	 {},
  OPTnumber = 	 {},
  OPTseries = 	 {},
  OPTtype = 	 {},
  OPTaddress = 	 {},
  OPTedition = 	 {},
  OPTmonth = 	 {},
  OPTpages = 	 {},
  OPTnote = 	 {},
  OPTannote = 	 {}
}


@Article{mah04a,
  author = 	 {Mah\'{e}vas, S. and Sandon, Y. and Biseau, A.},
  title = 	 {Quantification of annual variations in fishing power due to vessel characteristics: an application to the bottom-trawlers of \uppercase{s}outh-\uppercase{b}rittany targeting anglerfish ({\it \uppercase{l}ophius budegassa} and {\it \uppercase{l}ophius piscatorius})},
  journal = 	 ICESJMarSc,
  year = 	 {2004},
  OPTkey = 	 {},
  volume = 	 {61},
  OPTnumber = 	 {},
  pages = 	 {71--83},
  OPTmonth = 	 {},
  OPTnote = 	 {},
  OPTannote = 	 {}
}

@TechReport{bis99r,
  author = 	 {Bishop, J. and Sterling, D.},
  title = 	 {Survey of technology utilised in the \uppercase{n}orthern \uppercase{p}rawn \uppercase{f}ishery},
  institution =  {AFMA, Canberra, Australia},
  year = 	 {1999},
  OPTkey = 	 {},
  OPTtype = 	 {},
  OPTnumber = 	 {},
  OPTaddress = 	 {},
  OPTmonth = 	 {},
  OPTnote = 	 {},
  OPTannote = 	 {}
}

@PhdThesis{sterlingPHD,
  author = 	 {Sterling, D.},
  title = 	 {\uppercase{m}odelling the \uppercase{p}hysics of \uppercase{p}rawn \uppercase{t}rawling for \uppercase{f}isheries \uppercase{m}anagement},
  school = 	 {School of applied physics},
  year = 	 {2005},
  OPTkey = 	 {},
  OPTtype = 	 {},
  address = 	 {\uppercase{c}urtin \uppercase{u}niversity of \uppercase{t}echnology, \uppercase{p}erth, \uppercase{a}ustralia},
  OPTmonth = 	 {},
  OPTnote = 	 {},
  OPTannote = 	 {}
}

@Article{rob98a,
  author = 	 {Robins, C. M. and Wang, Y.G. and Die, D.},
  title = 	 {The impact of global positioning systems and plotters on fishing power in the \uppercase{N}orthern \uppercase{P}rawn \uppercase{F}ishery},
  journal = 	 CanJFishAquatSci,
  year = 	 {1998},
  OPTkey = 	 {},
  volume = 	 {55},
  OPTnumber = 	 {},
  OPTpages = 	 {},
  OPTmonth = 	 {},
  OPTnote = 	 {},
  OPTannote = 	 {}
}

@Article{bis08a,
  author = 	 {Bishop, J. and Venables, W. N. and Dichmont, C. M. and Sterling, D. J.},
  title = 	 {Standardizing catch rates: is logbook information by itself enough ?},
  journal = 	 ICESJMarSc,
  year = 	 {2008},
  OPTkey = 	 {},
  volume = 	 {65},
  OPTnumber = 	 {},
  pages = 	 {255--266},
  OPTmonth = 	 {},
  OPTnote = 	 {},
  OPTannote = 	 {}
}

@TechReport{dic03p1494,
  author = 	 {Dichmont, C. M. and Bishop, J. and Venables, W. N. and Sterling D. J. and Eyars, S. and Rawlinson, N.},
  title = 	 {A new approach to fishing power analysis and its application in the \uppercase{N}orthern \uppercase{P}rawn \uppercase{F}ishery},
  institution =  {AFMA, Canberra, Australia},
  year = 	 {2003},
  OPTkey = 	 {},
  OPTtype = 	 {},
  number = 	 {R99/1494},
  OPTaddress = 	 {},
  OPTmonth = 	 {},
  OPTnote = 	 {},
  OPTannote = 	 {}
}

@InBook{rob94cb,
  author = 	 {Robins, C. and Sachse, M.},
  OPTeditor = 	 {Pownall, P. C.},
  title = 	 {\uppercase{A}ustralia's \uppercase{N}orthern \uppercase{P}rawn \uppercase{F}ishery},
  chapter = 	 {A creep called technology: evolution of the fleet},
  publisher = 	 {NPF25, Cleveland, Australia},
  year = 	 {1994},
  OPTkey = 	 {},
  OPTvolume = 	 {},
  OPTnumber = 	 {},
  OPTseries = 	 {},
  OPTtype = 	 {},
  OPTaddress = 	 {},
  OPTedition = 	 {},
  OPTmonth = 	 {},
  OPTpages = 	 {},
  OPTnote = 	 {},
  OPTannote = 	 {}
}

@Article{ske97a,
  author = 	 {Skewes, T. D. and Dennis, D. M. and Pitcher, C. R. and Long, B. G.},
  title = 	 {Age structure of {\it \uppercase{p}anulirus ornatus} in two habitats in \uppercase{t}orres \uppercase{s}trait, \uppercase{a}ustralia},
  journal = 	 MarFreshRes,
  year = 	 {1997},
  OPTkey = 	 {},
  volume = 	 {48},
  OPTnumber = 	 {},
  pages = 	 {745--750},
  OPTmonth = 	 {},
  OPTnote = 	 {},
  OPTannote = 	 {}
}

@TechReport{ye06r,
  author = 	 {Ye, Y. and Dennis, D. M. and Skewes, T.D. and Taranto, T. J. and Haywood, E and Brewer, D.T. and Wassenberg, T. J.  and Chetwynd, D. and McLeod, I. M. and Donovan, A. G.},
  title = 	 {Sustainability assessment of the \uppercase{t}orres \uppercase{s}trait rock lobster fishery},
  institution =  {CSIRO},
  year = 	 {2006},
  OPTkey = 	 {},
  OPTtype = 	 {},
  number = 	 {CRC task number 1.3},
  OPTaddress = 	 {},
  OPTmonth = 	 {},
  OPTnote = 	 {ISBN 1 921232 07 2 (online)},
  OPTannote = 	 {}
}

@Article{pit97a,
  author = 	 {Pitcher, C. R. and Dennis, D. M. and Skewes, T. D.},
  title = 	 {Fishery-independent surveys and stock assessment of {\it \uppercase{p}anulirus ornatus} in \uppercase{t}orres \uppercase{s}trait},
  journal = 	 MarFreshRes,
  year = 	 {1997},
  OPTkey = 	 {},
  volume = 	 {48},
  OPTnumber = 	 {},
  pages = 	 {1059--1067},
  OPTmonth = 	 {},
  OPTnote = 	 {},
  OPTannote = 	 {}
}

@Book{the00b,
  author = 	 {Therneau, T. M. and Grambsch, P. M.},
  ALTeditor = 	 {},
  title = 	 {Modelling Survival Data: extending the Cox model},
  publisher = 	 pub-SV,
  year = 	 {2000},
  OPTkey = 	 {},
  OPTvolume = 	 {},
  OPTnumber = 	 {},
  OPTseries = 	 {},
  OPTaddress = 	 {},
  OPTedition = 	 {},
  OPTmonth = 	 {},
  OPTnote = 	 {ISBN 0-387-98784-3},
  OPTannote = 	 {}
}

@Book{fle91b,
  author = 	 {Fleming, Thomas R. and Harrington, David P.},
  ALTeditor = 	 {},
  title = 	 {Counting processes and survival analysis},
  publisher = 	 {John Wiley \& Sons},
  year = 	 {1991},
  OPTkey = 	 {},
  OPTvolume = 	 {},
  OPTnumber = 	 {},
  OPTseries = 	 {},
  OPTaddress = 	 {},
  OPTedition = 	 {},
  OPTmonth = 	 {},
  OPTnote = 	 {},
  OPTannote = 	 {}
}
@Book{legendre03b,
  author = 	 {Legendre, P. and Legendre, L.},
  ALTeditor = 	 {},
  title = 	 {Numerical ecology},
  publisher = 	 {Elsevier Science},
  year = 	 {2003},
  OPTkey = 	 {},
  OPTvolume = 	 {},
  OPTnumber = 	 {},
  OPTseries = 	 {},
  OPTaddress = 	 {},
  edition = 	 {Third},
  OPTmonth = 	 {},
  OPTnote = 	 {ISBN-10: 0444892508},
  OPTannote = 	 {}
}

@Book{legendre98b,
  author = 	 {Legendre, P. and Legendre, L.},
  ALTeditor = 	 {},
  title = 	 {Numerical ecology},
  publisher = 	 {Elsevier Science},
  year = 	 {1998},
  OPTkey = 	 {},
  OPTvolume = 	 {},
  OPTnumber = 	 {},
  OPTseries = 	 {},
  OPTaddress = 	 {},
  OPTedition = 	 {},
  OPTmonth = 	 {},
  OPTnote = 	 {ISBN-10: 0444892508},
  OPTannote = 	 {}
}

@Book{freon99b,
  author = 	 {Fr\'{e}on, Pierre and Misund, Ole Arve},
  ALTeditor = 	 {},
  title = 	 {Dynamic of pelagic fish distribution and behaviour: effect on fisheries and stock assessment},
  publisher = 	 {Oxford: Fishing News Books},
  year = 	 {1999},
  OPTkey = 	 {},
  OPTvolume = 	 {},
  OPTnumber = 	 {},
  OPTseries = 	 {},
  OPTaddress = 	 {},
  OPTedition = 	 {},
  OPTmonth = 	 {},
  OPTnote = 	 {},
  OPTannote = 	 {}
}

@Article{domok2007a,
  author = 	 {Domokos, R\'{e}ka and Seki, Michael P. and Polovina, Jeffrey J. and Hawn, Donald R.},
  title = 	 {Oceanographic investigation of the \uppercase{a}merican \uppercase{s}amoa albacore ({\it Thunnus alalunga}) habitat and longline fishing grounds},
  journal = 	 {Fish. Oceanogr.},
  year = 	 {2007},
  OPTkey = 	 {},
  volume = 	 {16},
  number = 	 {6},
  pages = 	 {555­-572},
  OPTmonth = 	 {},
  OPTnote = 	 {},
  OPTannote = 	 {Fisheries Oceanography}
}

@Article{bertEtal03a,
  author = 	 {Bertrand, Arnaud and Josse, Erwan and Bach, Pascal and Dagorn, Laurent},
  title = 	 {Acoustics for ecosystem research: lessons and perspectives from a scientific programme focusing on tuna-environment relationships},

  journal = 	 {Aquat. Living Resour.},
  year = 	 {2003},
  OPTkey = 	 {},
  volume = 	 {16},
  OPTnumber = 	 {},
  pages = 	 {197--203},
  OPTmonth = 	 {},
  OPTnote = 	 {},
  OPTannote = 	 {Aquatic Living Resources}
}


@InProceedings{hans2007a,
  author = 	 {Hanselman, Dana and Spencer, Paul and Shotwell, Kalei and Reuter, Rebeccas},
  title = 	 {Localized Depletion of threee \uppercase{A}laska rockfish species},
  OPTcrossref =  {},
  OPTkey = 	 {},
  booktitle = {Biology, assessment and management of North Pacific Rockfishes},
  OPTpages = 	 {},
  year = 	 {2007},
  editor = 	 {Heifetz, J. and Dicosimo, J. and Gharrett, A.J. and Love, M.S. and O'Connell, V.M. and Stanley, R.D.},
  OPTvolume = 	 {},
  OPTnumber = 	 {},
  OPTseries = 	 {},
  OPTaddress = 	 {},
  OPTmonth = 	 {},
  organization = {Alaska Sea Grant, University of Alaska Fairbanks},
  OPTpublisher = {},
  OPTnote = 	 {},
  OPTannote = 	 {}
}

@Article{FedReg67,
  author = 	 {Anonymous},
  title = 	 {Rules and Regulations},
  journal = 	 {Federal Register},
  year = 	 {2002},
  OPTkey = 	 {},
  volume = 	 {67},
  number = 	 {20},
  pages = 	 {Section 660.37, Page 4369-4372},
  month = 	 {January 30},
  OPTnote = 	 {},
  OPTannote = 	 {}
}

@Article{Gedamke04a,
  author = 	 {Gedamke, Todd and DuPaul, William D. and Hoenig, John M.},
  title = 	 {A spatially explicit Open-Ocean DeLury analysis to estimate gear efficiency in the dredge fishery for sea scallop {\it Placopecten magellanicus}},
  journal = 	 NAJFM,
  year = 	 {2004},
  OPTkey = 	 {},
  volume = 	 {24},
  OPTnumber = 	 {},
  pages = 	 {335--351},
  OPTmonth = 	 {},
  OPTnote = 	 {},
  OPTannote = 	 {}
}

@Book{Pinheiro:2000:MMS,
  author =       "Jose C. Pinheiro and Douglas M. Bates",
  title =        "Mixed-effects models in {S} and {S-PLUS}",
  publisher =    pub-SV,
  OPTaddress =      "Berlin, Germany",
  OPTpages =        "xvi + 528",
  year =         "2000",
  OPTISBN =         "0-387-98957-9",
  OPTISBN-13 =      "978-0-387-98957-0",
  OPTLCCN =         "QA76.73.S15 P56 2000",
  OPTbibdate =      "Thu Apr 12 10:53:17 2001",
  OPTprice =        "US\$69.95",
  OPTseries =       "Statistics and computing",
  OPTacknowledgement = ack-nhfb,
}


@Article{maury01aetal,
  author = 	 {Maury, Olivier and Gascuel, Didier and Marsac, Francis and Fonteneau, Alain and De Rosa, Anne-Laure},
  title = 	 {Hierachical interpretation of nonlinear relationships linking yellowfin tuna {\it Thunnus albacares} distribution to the environment in the \uppercase{a}tlantic \uppercase{o}cean},
  journal = 	 CanJFishAquatSci,
  year = 	 {2001},
  OPTkey = 	 {},
  volume = 	 {58},
  number = 	 {3},
  pages = 	 {458--469},
  OPTmonth = 	 {},
  OPTnote = 	 {},
  OPTannote = 	 {}
}

@Article{goni05a,
  author = 	 {Go\~{n}i, Nicolas and Arrizabalaga, Haritz},
  title = 	 {Analysis of juvenile \uppercase{n}orth \uppercase{A}tlantic albacore ({\it \uppercase{t}hunnus alalunga}) catch per unit effort by surface gears in relation to environmental variables},
  journal = 	 ICESJMarSc,
  year = 	 {2005},
  OPTkey = 	 {},
  volume = 	 {62},
  OPTnumber = 	 {},
  pages = 	 {1475--1482},
  OPTmonth = 	 {},
  OPTnote = 	 {},
  OPTannote = 	 {ICES Journal of Marine Science}
}

@Article{tamio67a,
  author = 	 {Otsu, Tamio and Sumida, Ray F.},
  title = 	 {Distribution, apparent abundance, and size composition of albacore ({\it Thunnus alalunga}) taken in the longline fishery based in American Samoa},
  journal = 	 {Fish. Bull.},
  year = 	 {1968},
  OPTkey = 	 {},
  volume = 	 {67},
  number = 	 {1},
  pages = 	 {47--69},
  OPTmonth = 	 {},
  OPTnote = 	 {},
  OPTannote = 	 {Fishery Bulletin}
}

@TechReport{amend11,
  author = 	 {WPRFMC},
  title = 	 {Amendment 11 to the \uppercase{f}ishery \uppercase{m}anagement \uppercase{p}lan for \uppercase{p}elagic \uppercase{f}isheries of the \uppercase{w}estern \uppercase{p}acific \uppercase{r}egion: \uppercase{m}easure to limit pelagic longline fishing effort in the \uppercase{e}xclusive \uppercase{e}conomic \uppercase{z}one around \uppercase{A}merican \uppercase{S}amoa},
  institution =  {Western Pacific Regional Fishery Management Council, Honolulu, Hawaii},
  year = 	 {2003},
  pages =        {280},
  OPTkey = 	 {},
  OPTtype = 	 {},
  OPTnumber = 	 {},
  OPTaddress = 	 {},
  OPTmonth = 	 {},
  OPTnote = 	 {},
  OPTannote = 	 {}
}

@Article{inada97a,
  author = 	 {Inada, Hiroshi and Sekine, Jun and Kim, Hyung-seok and Nemoto, Masao and Tekeuchi, Shoichi and Kagoshi, Masami and Anzai, Yuichi and Yabuki, Kazuo},
  title = 	 {The influence of environmental conditions on fish catches during purse seining operations for Skipjack {\it Katsuwonus Pelamis} and yellowfin tuna {\it Thunnus albacares} in the western tropical pacific fishing grounds},
  journal = 	 {J. Tokyo Univ. Fish.},
  year = 	 {1997},
  OPTkey = 	 {},
  volume = 	 {83},
  OPTnumber = 	 {},
  pages = 	 {129-138},
  OPTmonth = 	 {},
  OPTnote = 	 {},
  OPTannote = 	 {Journal of Tokyo University of Fisheries}
}

@Article{bertEtal02a,
  author = 	 {Bertrand, Arnaud and Josse, Erwan and Bach, Pascal and Gros, Philippe and Dagorn, Laurent},
  title = 	 {Hydrological and trophic characteristics of tuna habitat: consequences on tuna distribution and longline catchability},
  journal = 	 CanJFishAquatSci,
  year = 	 {2002},
  OPTkey = 	 {},
  volume = 	 {59},
  OPTnumber = 	 {},
  pages = 	 {1002--1013},
  OPTmonth = 	 {},
  OPTnote = 	 {},
  OPTannote = 	 {}
}

@Article{chen05a,
  author = 	 {Chen, I-ching and Lee, Pei-Fen and Tzeng, Wann-Nian},
  title = 	 {Distribution of albacore ({\it Thunnus alalunga}) in the Indian Ocean and its relation to environmental factors},
  journal = 	 {Fish. Oceanogr.},
  year = 	 {2005},
  OPTkey = 	 {},
  volume = 	 {14},
  number = 	 {1},
  pages = 	 {71--80},
  OPTmonth = 	 {},
  OPTnote = 	 {},
  OPTannote = 	 {Fisheries Oceanography}
}

@InProceedings{He95tp,
  author = 	 {He, X. and Boggs, B. H.},
  title = 	 {Do local catches affect local abundance? Time series analysis of Hawaii¡Çs tuna fisheries},
  OPTcrossref =  {},
  OPTkey = 	 {},
  booktitle = {Proceedings of the Second FAO Expert Consultation on Interactions of Pacific Ocean Tuna Fisheries},
  pages = 	 {224--39},
  year = 	 {1995},
  editor = 	 {Shomura, R. S. and Majkowski, J. and Harman, R. F. },
  volume = 	 {365},
  OPTnumber = 	 {},
  OPTseries = 	 {},
  address = 	 {Shimizu, Japan},
  month = 	 {January 23-32},
  organization = {FAO Fisheries Technical Paper},
  OPTpublisher = {},
  OPTnote = 	 {},
  OPTannote = 	 {}
}

@InProceedings{He96c,
  author = 	 {He, Xi and Boggs, Christopher H.},
  title = 	 {Estimating fisheries impacts using commercial fisheries data: simulation models and time series analysis of Hawaii's yellowfin tuna fisheries.},
  OPTcrossref =  {},
  OPTkey = 	 {},
  booktitle = {Second world fisheries Congress},
  OPTpages = 	 {},
  year = 	 {1996},
  OPTeditor = 	 {},
  OPTvolume = 	 {},
  OPTnumber = 	 {},
  OPTseries = 	 {},
  OPTaddress = 	 {},
  OPTmonth = 	 {},
  OPTorganization = {},
  OPTpublisher = {},
  OPTnote = 	 {ISBN 0 643 05985 7},
  OPTannote = 	 {}
}

@Article{jones91a,
  author = 	 {Jones, J. B.},
  title = 	 {Movements of albacore tuna {\it Thunnus alalunga} in the South Pacific: evidence from parasites},
  journal = 	 {Marine Biology},
  year = 	 {1991},
  OPTkey = 	 {},
  volume = 	 {111},
  OPTnumber = 	 {},
  pages = 	 {1--9},
  OPTmonth = 	 {},
  OPTnote = 	 {},
  OPTannote = 	 {}
}

@Article{akaik74a,
  author = 	 {Akaike, H.},
  title = 	 {A new look at the statistical model identification},
  journal = 	 {IEEE Trans. Automat. Contro},
  year = 	 {1974},
  OPTkey = 	 {},
  volume = 	 {AC-19},
  OPTnumber = 	 {4},
  pages = 	 {716--23},
  OPTmonth = 	 {},
  OPTnote = 	 {},
  OPTannote = 	 {}
}


@Article{yosh75a,
  author = 	 {Yoshida, Howard},
  title = 	 {The \uppercase{a}merican \uppercase{s}amoa longline fishery, 1966-71},
  journal = 	 {Fish. Bull.},
  year = 	 {1975},
  OPTkey = 	 {},
  volume = 	 {73},
  number = 	 {4},
  pages = 	 {747--765},
  OPTmonth = 	 {},
  OPTnote = 	 {},
  OPTannote = 	 {Fishery Bulletin}
}

@Misc{amd112003,
  OPTkey = 	 {},
  author = 	 {\uppercase{t}he \uppercase{w}estern \uppercase{p}acific \uppercase{f}ishery \uppercase{m}anagement \uppercase{c}ouncil},
  title = 	 {\uppercase{M}easure to limit pelagic longline fishing effort in the Exclusive Economic Zone around \uppercase{A}merican \uppercase{S}amoa},
  howpublished = {http://www.wpcouncil.org/pelagic.htm},
  OPTmonth = 	 {},
  year = 	 {2004},
  OPTnote = 	 {},
  OPTannote = 	 {}
}


@Article{bigel99a,
  author = 	 {Bigelow, Keith A and Boggs, Christofer H. and He, Xi},
  title = 	 {Environmental effects on swordfish and blue shark catch rates in the US North Pacific longline fishery},
  journal = 	 {Fishery Oceanography},
  year = 	 {1999},
  OPTkey = 	 {},
  volume = 	 {8},
  OPTnumber = 	 {3},
  pages = 	 {178--198},
  OPTmonth = 	 {},
  OPTnote = 	 {},
  OPTannote = 	 {}
}

@TechReport{walsh02wd,
  author = 	 {Walsh, William A. and Pooley, Samuel G},
  title = 	 {Development and application of generalized additive models to correct incidental catch rates in the Hawaii-based longline fihery},
  institution =  {Standing Committee on Tuna and Billfish},
  year = 	 {2002},
  key = 	 {\uppercase{SWG} 7},
  OPTtype = 	 {},
  number = 	 {\uppercase{SCTB15}},
  OPTaddress = 	 {},
  OPTmonth = 	 {},
  OPTnote = 	 {},
  OPTannote = 	 {}
}

@Article{baum04a,
  author = 	 {Baum, Julia K. and Myers, Ransom A.},
  title = 	 {Shifting baselines and the decline of pelagic sharks in the Gulf of Mexico},
  journal = 	 {Ecology Lett.},
  year = 	 {2004},
  OPTkey = 	 {},
  volume = 	 {7},
  OPTnumber = 	 {4},
  pages = 	 {135--145},
  OPTmonth = 	 {},
  OPTnote = 	 {},
  OPTannote = 	 {Ecology Letters}
}

@Article{ward05,
  author = 	 {Ward, Peter and Myers, Ransom A.},
  title = 	 {Shifts in open-ocean fish communities coinciding with the commencement of commercial fishing},
  journal = 	 {Ecology},
  year = 	 {2005},
  OPTkey = 	 {},
  volume = 	 {86},
  number = 	 {4},
  pages = 	 {835--847},
  OPTmonth = 	 {},
  OPTnote = 	 {},
  OPTannote = 	 {}
}


@Article{gary96a,
  author = 	 {White, Gary C. and Bennetts, Robert E.},
  title = 	 {Analysis of frequency count data using the negative binomial},
  journal = 	 {Ecology},
  year = 	 {1996},
  OPTkey = 	 {},
  volume = 	 {77},
  number = 	 {8},
  pages = 	 {2549--2557},
  OPTmonth = 	 {},
  OPTnote = 	 {},
  OPTannote = 	 {}
}

@Article{rey92a,
  author = 	 {Rey, Juan Carlos and Mun\~{o}z-Ch\'{a}puli},
  title = 	 {Intra and interspecific association of large pelagic fishes inferred from catch data of surface longline},
  journal = 	 {Environmental biology of fishes},
  year = 	 {1992},
  OPTkey = 	 {},
  volume = 	 {35},
  OPTnumber = 	 {},
  pages = 	 {95--103},
  OPTmonth = 	 {},
  OPTnote = 	 {},
  OPTannote = 	 {}
}


@book{McCullagh89,
    author      = {P. McCullagh and J. A. Nelder},
    title       = {Generalized Linear Models},
    year        = {1989},
    edition     = {2nd},
    publisher   = {Chapman and Hall/CRC Press}
    }

@Article{power99a,
  author = 	 {Power, James H. and Moser, E. Barry},
  title = 	 {Linear model analysis of net catch data using the negative binomial},
  journal = 	 CanJFishAquatSci,
  year = 	 {1999},
  OPTkey = 	 {},
  volume = 	 {56},
  OPTnumber = 	 {},
  pages = 	 {191--200},
  OPTmonth = 	 {},
  OPTnote = 	 {},
  OPTannote = 	 {}
}
@Manual{R,
    title = {R: A Language and Environment for Statistical Computing},
    author = {{R Core Team}},
    organization = {R Foundation for Statistical Computing},
    address = {\uppercase{V}ienna, Austria},
    year = {2013},
    url = {http://www.R-project.org/},
  }
 @Manual{chron,
    title = {chron: Chronological Objects which Can Handle Dates and Times},
    author = {James, D. and Hornik, K.},
    year = {2010},
    note = {R package version 2.3-39. S original by David James, R port by Kurt Hornik.},
    url = {http://CRAN.R-project.org/package=chron},
  }

  @Book{lattice,
    title = {Lattice: Multivariate Data Visualization with R},
    author = {Sarkar, D.},
    publisher = {Springer},
    address = {New York},
    year = {2008},
    note = {ISBN 978-0-387-75968-5},
    url = {http://lmdvr.r-forge.r-project.org},
  }



@Misc{Ridgeway2006,
  OPTkey = 	 {},
  author = 	 {Ridgeway, Greg},
  title = 	 {gbm: Generalized Boosted Regression Models. \uppercase{R} package version 1.5-7},
  howpublished = {http://www.i-pensieri.com/gregr/gbm.shtml},
  OPTmonth = 	 {},
  year = 	 {2006},
  OPTnote = 	 {},
  OPTannote = 	 {}
}


@Article{Friedman01a,
  author = 	 {Friedman, Jerome H.},
  title = 	 {Greedy Function Approximation: a gradient boosting machine},
  journal = 	 {Annals of Statistics},
  year = 	 {2001},
  OPTkey = 	 {},
  volume = 	 {29},
  number = 	 {5},
  pages = 	 {1189--1232},
  OPTmonth = 	 {},
  OPTnote = 	 {},
  OPTannote = 	 {}
}

@InBook{schaefer01b,
  Author = 	 {Schaefer, Kurt M.},
  OPTditor = 	 {Block, Barbara A. and Stevens, E. Donald},
  title = 	 {Tuna},
  chapter = 	 {6. Reproductive biology of tunas},
  publisher = 	 {Academic Press},
  year = 	 {2001},
  OPTkey = 	 {},
  OPTvolume = 	 {},
  OPTnumber = 	 {},
  series = 	 {Block, Barbara A. and Stevens, E. Donald},
  OPTtype = 	 {},
  OPTaddress = 	 {},
  OPTedition = 	 {},
  OPTmonth = 	 {},
  OPTpages = 	 {},
  OPTnote = 	 {ISBN: 0-12-350443-0},
  OPTannote = 	 {}
}

@InBook{shaefer01b,
  author = 	 {Shaeferr, Kurt D.},
  OPTeditor = 	 {Block, Barbara A. and Stevens, E. Donald},
  title = 	 {Tuna},
  chapter = 	 {6. Reproductive biology of tunas},
  publisher = 	 {Academic Press},
  year = 	 {2001},
  OPTkey = 	 {},
  OPTvolume = 	 {},
  OPTnumber = 	 {},
  series = 	 {Block, Barbara A. and Stevens, E. Donald},
  OPTtype = 	 {},
  OPTaddress = 	 {},
  OPTedition = 	 {},
  OPTmonth = 	 {},
  OPTpages = 	 {},
  OPTnote = 	 {ISBN: 0-12-350443-0},
  OPTannote = 	 {}
}


@InBook{sharpb01b,
  author = 	 {Sharp, Gary D.},
  OPTeditor = 	 {Block, Barbara A. and Stevens, E. Donald},
  title = 	 {Tuna},
  chapter = 	 {9. Tuna oceanography},
  publisher = 	 {Academic Press},
  year = 	 {2001},
  OPTkey = 	 {},
  OPTvolume = 	 {},
  OPTnumber = 	 {},
  series = 	 {Block, Barbara A. and Stevens, E. Donald},
  OPTtype = 	 {},
  OPTaddress = 	 {},
  OPTedition = 	 {},
  OPTmonth = 	 {},
  OPTpages = 	 {},
  OPTnote = 	 {ISBN: 0-12-350443-0},
  OPTannote = 	 {}
}

@Article{laursa1984,
  author = 	 {Laurs, Michael R. and Fiedler, Paul. C and Montgomery, Donald R.},
  title = 	 {Albacore tuna catch distributions relative to environmental features observed from satellites},
  journal = 	 {Deep-Sea Res.},
  year = 	 {1984},
  OPTkey = 	 {},
  volume = 	 {31},
  number = 	 {9},
  pages = 	 {1085--1099},
  OPTmonth = 	 {},
  OPTnote = 	 {},
  OPTannote = 	 {Deep-Sea Research}
}

@TechReport{pianetwd90,
  author = 	 {Pianet, R.},
  title = 	 {Oceanography and tuna fisheries in the inter-tropical \uppercase{w}estern \uppercase{p}acific},
  institution =  {Co. Vol. Sci. Pap. ICCAT},
  year = 	 {1990},
  OPTkey = 	 {},
  OPTtype = 	 {},
  number = 	 {32(1)},
  OPTaddress = 	 {},
  OPTmonth = 	 {},
  OPTnote = 	 {},
  OPTannote = 	 {},
  pages =        {113--123}

}

@Article{biga06,
  author = 	 {Bigelow, Keith and Musyl, Michael, K. and Poisson, Francois and Kleiber, Pierre},
  title = 	 {Pelagic longline gear depth and shoaling},
  journal = 	 {Fisheries Research},
  year = 	 {2006},
  OPTkey = 	 {},
  volume = 	 {77},
  number = 	 {2},
  pages = 	 {173--183},
  OPTmonth = 	 {},
  OPTnote = 	 {},
  OPTannote = 	 {}
}

@Article{saito73a,
  author = 	 {Saito, S.},
  title = 	 {Studies on fishing of albacore, {\it \uppercase{t}hunnus alalunga} (Bonnaterre) by experimental deep-sea tuna longline},
  journal = 	 {Mem. Fac. Fish. Hokkaido Univ.},
  year = 	 {1973},
  OPTkey = 	 {},
  volume = 	 {21},
  OPTnumber = 	 {},
  pages = 	 {107--184},
  OPTmonth = 	 {},
  OPTnote = 	 {},
  OPTannote = 	 {Memoirs of the Faculty of Fisheries, Hokkaido University}
}

@Book{laevastu70b,
  author = 	 {Laevastu, Taivo and Hela, Ilmo},
  ALTeditor = 	 {},
  title = 	 {Fisheries oceanography},
  publisher = 	 {Fishing News},
  year = 	 {1970},
  OPTkey = 	 {},
  OPTvolume = 	 {},
  OPTnumber = 	 {},
  OPTseries = 	 {},
  OPTaddress = 	 {},
  OPTedition = 	 {},
  OPTmonth = 	 {},
  OPTnote = 	 {},
  OPTannote = 	 {}
}

@TechReport{langet06wd,
  author = 	 {Langley, Adam. D. and Hampton, John},
  title = 	 {An update of the stock assessment for \uppercase{s}outh \uppercase{p}acific albacore including an investigation of the sensitivity to key biological parameters included in the model.},
  institution =  {WCPFC},
  year = 	 {2006},
  OPTkey = 	 {},
  type = 	 {Working paper},
  number = 	 {WP-4},
  address = 	 {\uppercase{M}anilla, \uppercase{P}hilippines},
  month = 	 {7--18 August},
  OPTnote = 	 {},
  OPTannote = 	 {}
}

@TechReport{langHam05wd,
  author = 	 {Langley, Adam. D. and Hampton, John},
  title = 	 {Stock assessment of albacore tuna in the south \uppercase{p}acific \uppercase{o}cean},
  institution =  {WCPFC-SC1},
  year = 	 {2005},
  OPTkey = 	 {},
  type = 	 {Working paper},
  number = 	 {SA WP-3},
  address = 	 {\uppercase{n}oumea, \uppercase{n}ew \uppercase{c}aledonia},
  month = 	 {7--18 August},
  OPTnote = 	 {},
  OPTannote = 	 {}
}

@TechReport{LangEtal05wd,
  author = 	 {Langley, Adam. D. and Bigelow, Keith and Maunder, Mark and Miyabe, Naozumi},
  title = 	 {Longline CPUE indices for bigeye and yellowfin in the \uppercase{p}acific \uppercase{o}cean using GLM and statistical habitat standardisation methods},
  institution =  {WCPFC-SC1},
  year = 	 {2005},
  OPTkey = 	 {},
  type = 	 {Working paper},
  number = 	 {SA WP-8},
  address = 	 {\uppercase{n}oumea, \uppercase{n}ew \uppercase{c}aledonia},
  month = 	 {8--19 August},
  OPTnote = 	 {},
  OPTannote = 	 {}
}

@Article{Maunderetala2006,
  author = 	 {Maunder, M. N. and Sibert, John R. and Fonteneau, A. and Hampton, J. and Kleiber P. and Harley, S. J.},
  title = 	 {Interpreting catch per unit effort data to assess the status of individual stocks and communities},
  journal = 	 ICESJMarSc,
  year = 	 {2006},
  OPTkey = 	 {},
  volume = 	 {63},
  OPTnumber = 	 {},
  pages = 	 {1373--1385},
  OPTmonth = 	 {},
  OPTnote = 	 {},
  OPTannote = 	 {}
}

@Article{harletala01,
  author = 	 {Harley, Shelton J. and Myers, Ransom A. and Dunn, Alistair},
  title = 	 {Is catch per unit of effort proportional to abundance ?},
  journal = 	 CanJFishAquatSci,
  year = 	 {2001},
  OPTkey = 	 {},
  volume = 	 {58},
  OPTnumber = 	 {},
  pages = 	 {1760--1772},
  OPTmonth = 	 {},
  OPTnote = 	 {},
  OPTannote = 	 {}
}

@Article{rocha03,
  author = 	 {Rochet, M. J. and Trenkel, V.},
  title = 	 {Which community indicators can measure the impact of fishing ? a review and proposals},
  journal = 	 CanJFishAquatSci,
  year = 	 {2003},
  OPTkey = 	 {},
  volume = 	 {60},
  OPTnumber = 	 {},
  pages = 	 {86--99},
  OPTmonth = 	 {},
  OPTnote = 	 {},
  OPTannote = 	 {}
}

@Article{vena04a,
  author = 	 {Venables, W. N. and Dichmont, C. M.},
  title = 	 {\uppercase{GLM}s, \uppercase{GAM}s and \uppercase{GLMM}s: an overview of the theory for applications in fisheries research},
  journal = 	 FishRes,
  year = 	 {2004},
  OPTkey = 	 {},
  volume = 	 {70},
  OPTnumber = 	 {},
  pages = 	 {319--337},
  OPTmonth = 	 {},
  OPTnote = 	 {},
  OPTannote = 	 {Fisheries Research}
}

@Misc{AVISO,
  OPTkey = 	 {},
  author = 	 {\uppercase{c}entre \uppercase{n}ational d'\uppercase{e}tudes \uppercase{s}patial},
  title = 	 {\uppercase{a}viso},
  howpublished = {http://www.jason.oceanobs.com (last access in Nov. 2007)},
  OPTmonth = 	 {},
  year = 	 {2006},
  OPTnote = 	 {more precise HTML adress http://www.jason.oceanobs.com/html/donnees/produits/hauteurs/welcome\_uk.html},
  OPTannote = 	 {}
}


@Misc{REYNOLDS,
  OPTkey = 	 {},
  author = 	 {Reynolds, Richard W. and Stokes, Diane C.},
  title = 	 {Provider information for the Reynolds \uppercase{SST} datasets.},
  howpublished = {http://www.cdc.noaa.gov (last access in Nov. 2007)},
  month = 	 {October},
  year = 	 {1994},
  OPTnote = 	 {Richard.W.Reynolds@noaa.gov, more precise HTML adress http://www.cdc.noaa.gov/cdc/reynolds\_sst.info.html },
  OPTannote = 	 {}
}


@Misc{AMLonglineCreelSurveyDesc,
  OPTkey = 	 {},
  author = 	 {\uppercase{noaa} \uppercase{p}acific \uppercase{i}slands \uppercase{f}ishery \uppercase{r}esearch \uppercase{c}enter},
  title = 	 {\uppercase{B}oat-\uppercase{B}ased \uppercase{C}reel \uppercase{S}urvey},
  howpublished = {http://www.pifsc.noaa.gov/wpacfin/as/Pages/as\_coll\_2.php},
  OPTmonth = 	 {},
  year = 	 {2006},
  OPTnote = 	 {},
  OPTannote = 	 {}
}

@Misc{AMLonglineLogBookDesc,
  OPTkey = 	 {},
  author = 	 {\uppercase{noaa} \uppercase{p}acific \uppercase{i}slands \uppercase{f}ishery \uppercase{r}esearch \uppercase{c}enter},
  title = 	 {\uppercase{l}ongline logbook},
  howpublished = { http://www.pifsc.noaa.gov/wpacfin/as/Pages/as\_coll\_1.php},
  OPTmonth = 	 {},
  year = 	 {2006},
  OPTnote = 	 {},
  OPTannote = 	 {}
}

@TechReport{langley04a,
  author = 	 {Langley, A. D.},
  title = 	 {An examination of the influence of recent oceanographic conditions on the catch rate of albacore in the main domestic longline fisheries.},
  institution =  {SCTB},
  year = 	 {2004},
  OPTkey = 	 {},
  type = 	 {Working paper},
  number = 	 {SA-4},
  address = 	 {\uppercase{M}ajuro, \uppercase{R}epublic of \uppercase{M}arshall \uppercase{I}slands},
  month = 	 {9 -- 18 August},
  OPTnote = 	 {},
  OPTannote = 	 {}
}


@Article{FedReg70,
  author = 	 {Anonymous},
  title = 	 {Rules and Regulations},
  journal = 	 {Federal Register},
  year = 	 {2005},
  OPTkey = 	 {},
  volume = 	 {70},
  number = 	 {99},
  OPTpages = 	 {},
  month = 	 {Tuesday, May 24},
  OPTnote = 	 {},
  OPTannote = 	 {}
}

@Book{siedler01b,
  ALTauthor = 	 {},
  editor = 	 {Siedler, Gerold and Church, John and Gould, John},
  title = 	 {Ocean circulation and climate},
  publisher = 	 {Academic Press},
  year = 	 {2001},
  OPTkey = 	 {},
  OPTvolume = 	 {},
  OPTnumber = 	 {},
  OPTseries = 	 {},
  OPTaddress = 	 {},
  OPTedition = 	 {},
  OPTmonth = 	 {},
  OPTnote = 	 {ISBN: 0-12-641351-7},
  OPTannote = 	 {}
}

@Misc{PAR2004,
  OPTkey = 	 {},
  author = 	 {\uppercase{t}he \uppercase{w}estern \uppercase{p}acific \uppercase{f}ishery \uppercase{m}anagement \uppercase{c}ouncil},
  title = 	 {\uppercase{P}elagic \uppercase{a}nnual \uppercase{r}eport},
  howpublished = {http://www.wpcouncil.org/pelagic.htm},
  OPTmonth = 	 {},
  year = 	 {2004},
  OPTnote = 	 {},
  OPTannote = 	 {}
}

@Article{Beverly96,
  author = 	 {Beverly, Stephen},
  title = 	 {Notes on longline vessel parameters for \uppercase{p}acific island countries},
  journal = 	 {\uppercase{spc} \uppercase{f}isheries \uppercase{n}ewsletter},
  year = 	 {1996},
  OPTkey = 	 {},
  volume = 	 {79},
  OPTnumber = 	 {},
  pages = 	 {22--35},
  OPTmonth = 	 {},
  OPTnote = 	 {available from http://www.spc.int/coastfish/News/news.htm},
  OPTannote = 	 {}
}

@TechReport{WPRFMC05,
  author = 	 {\uppercase{w}estern \uppercase{p}acific \uppercase{r}egional \uppercase{f}ishery \uppercase{m}anagement \uppercase{c}ouncil},
  title = 	 {Fishery ecosystem plan for the \uppercase{a}mercan \uppercase{s}amoa archipelago},
  OPTinstitution =  {\uppercase{w}estern \uppercase{p}acific \uppercase{r}egional \uppercase{f}ishery \uppercase{m}anagement \uppercase{c}ouncil},
  year = 	 {2005},
  OPTkey = 	 {},
  OPTtype = 	 {},
  OPTnumber = 	 {},
  address = 	 {1164 Bishop Street, Suite 1400, Honolulu, Hawaii 96813, USA},
  OPTmonth = 	 {},
  OPTnote = 	 {},
  OPTannote = 	 {}
}

@Article{dick04a,
  author = 	 {Dick, E. J.},
  title = 	 {Beyond 'lognormal versus gamma': discrimination among error distributions for generalized linear models.},
  journal = 	 {Fisheries Research},
  year = 	 {2004},
  OPTkey = 	 {},
  volume = 	 {70},
  OPTnumber = 	 {},
  pages = 	 {351-366},
  OPTmonth = 	 {},
  OPTnote = 	 {},
  OPTannote = 	 {}
}

@Article{maun04a,
  author = 	 {Maunder, M. N. and Punt, A. E.},
  title = 	 {Standardizing catch and effort data: a review of recent approaches},
  journal = 	 FishRes,
  year = 	 {2004},
  OPTkey = 	 {},
  volume = 	 {70},
  OPTnumber = 	 {},
  pages = 	 {141--179},
  OPTmonth = 	 {},
  OPTnote = 	 {},
  OPTannote = 	 {}
}

@Book{wood05b,
  author = 	 {Wood, Simon N.},
  ALTeditor = 	 {},
  title = 	 {Generalized Additive Models: an introduction with R},
  publisher = 	 {Chapman and Hall/CRC Press},
  year = 	 {2005},
  OPTkey = 	 {},
  OPTvolume = 	 {},
  OPTnumber = 	 {},
  OPTseries = 	 {},
  OPTaddress = 	 {},
  OPTedition = 	 {},
  OPTmonth = 	 {},
  OPTnote = 	 {},
  OPTannote = 	 {}
}

@Book{manl94b,
  author = 	 {Manly, Brian F. J.},
  ALTeditor = 	 {},
  title = 	 {Multivariate Statistical analysis},
  publisher = 	 {Chapman and Hall},
  year = 	 {1994},
  OPTkey = 	 {},
  OPTvolume = 	 {},
  OPTnumber = 	 {},
  OPTseries = 	 {},
  OPTaddress = 	 {},
  OPTedition = 	 {},
  OPTmonth = 	 {},
  OPTnote = 	 {ISBN 0 412 60300 4},
  OPTannote = 	 {}
}

@Misc{RicciWeb05,
  OPTkey = 	 {},
  author = 	 {Vito Ricci},
  title = 	 {Fitting distribution with \uppercase{r}},
  howpublished = {http://cran.r-project.org/doc/contrib/Ricci-distributions-en.pdf},
  month = 	 {February},
  year = 	 {2005},
  OPTnote = 	 {},
  OPTannote = 	 {}
}

@TechReport{LangTR06,
  author = 	 {Langley, Adam D.},
  title = 	 {The \uppercase{s}outh \uppercase{p}acific albacore fishery: a summary of the status of the stock and fishery management issues of relevance to pacific island countries and territories},
  institution =  {\uppercase{s}ecretariat of the \uppercase{P}acific \uppercase{c}ommnunity},
  year = 	 {2006},
  OPTkey = 	 {},
  OPTtype = 	 {},
  number = 	 {37},
  OPTaddress = 	 {},
  OPTmonth = 	 {},
  OPTnote = 	 {ISSN: 1562-5206},
  OPTannote = 	 {}
}

@Article{chapnl98,
  author = 	 {Chapman, Lindsay},
  title = 	 {The rapidly expanding and changing tuna longline fishery in \uppercase{s}amoa},
  journal = 	 {\uppercase{spc} \uppercase{f}isheries \uppercase{n}ewsletter},
  year = 	 {1998},
  OPTkey = 	 {},
  volume = 	 {84},
  OPTnumber = 	 {},
  pages = 	 {10--23},
  OPTmonth = 	 {},
  OPTnote = 	 {available from http://www.spc.int/coastfish/News/news.htm},
  OPTannote = 	 {}
}

@TechReport{MalTech02,
  author = 	 {O'Malley, Joseph M. and Pooley, Samuel G.},
  title = 	 {A description and economic analysis of large \uppercase{A}merican \uppercase{S}amoa longline vessels},
  institution =  {JIMAR},
  year = 	 {2002},
  OPTkey = 	 {},
  OPTtype = 	 {},
  number = 	 {02-345},
  OPTaddress = 	 {},
  OPTmonth = 	 {},
  OPTnote = 	 {},
  OPTannote = 	 {}
}

@Book{Burnb03,
  author = 	 {Burnham, K. P. and Anderson, D.},
  ALTeditor = 	 {},
  title = 	 {Model Selection and Multi-Model Inference},
  publisher = 	 pub-SV,
  location  =    {},
  year = 	 {2003},
  OPTkey = 	 {},
  OPTvolume = 	 {},
  OPTnumber = 	 {},
  OPTseries = 	 {},
  OPTaddress = 	 {},
  edition = 	 {Second},
  OPTmonth = 	 {},
  OPTnote = 	 {448pp., ISBN: 0387953647},
  OPTannote = 	 {}
}

@Article{smith+sandwell97,
  author  = {Smith, W. H. F. and Sandwell, D. T.},
  title   = {Global Seafloor Topography from Satellite Altimetry and Ship Depth Soundings},
  journal = {Science},
  year    = 1997,
  volume  = 277,
  pages   = {1956--1962}
}

@Book{col83b,
  author = 	 {Colette, Bruce B. and Nauen, Cornelia E.},
  ALTeditor = 	 {},
  title = 	 {FAO \uppercase{s}pecies \uppercase{c}atalogue: Scombrids of the \uppercase{w}orld},
  publisher = 	 {FAO},
  year = 	 {1983},
  OPTkey = 	 {},
  OPTvolume = 	 {2},
  number = 	 {125, Volume 2},
  series = 	 {FAO \uppercase{f}isheries \uppercase{s}ynopsis},
  OPTaddress = 	 {},
  OPTedition = 	 {},
  OPTmonth = 	 {},
  note = 	 {Available from ftp://ftp.fao.org/FI/document/sidp/AC478E\_02Scombrids/},
  OPTannote = 	 {ISBN 92-5-101381-0}
}

@Article{Schnut2001a,
  author = 	 {J. T. Schnute and L. J. Richards},
  title = 	 {Use and abuse of fishery models},
  journal = 	 CanJFishAquatSci,
  year = 	 {2001},
  OPTkey = 	 {},
  volume = 	 {58},
  OPTnumber = 	 {},
  pages = 	 {10-17},
  OPTmonth = 	 {},
  OPTnote = 	 {},
  OPTannote = 	 {}
}

@Proceedings{aaa,
  title = 	 {The exploitation of evolving resources},
  year = 	 {1993},
  OPTkey = 	 {},
  OPTbooktitle = {},
  editor = 	 {T.K. Stokes, J.M. McGlade and R. Law},
  OPTvolume = 	 {},
  number = 	 {99},
  series = 	 {Lecture Notes in Biomathematics},
  OPTaddress = 	 {},
  OPTmonth = 	 {},
  OPTorganization = {},
  publisher = pub-SV, 
  OPTnote = 	 {Proceeding of an International Conference, held at Julich, Germany, September 3-5 1991},
  OPTannote = 	 {ISBN: 0-387-57242-2 or 3-540-57242-2}
}

@TechReport{fao05t,
  author = 	 {\uppercase{a}nonymous},
  title = 	 {Review of the state of world marine resources},
  institution =  {FAO Fisheries departement},
  year = 	 {2005},
  OPTkey = 	 {},
  OPTtype = 	 {},
  OPTnumber = 	 {},
  OPTaddress = 	 {},
  OPTmonth = 	 {},
  OPTnote = 	 {ISBN 92-5-105267-0},
  OPTannote = 	 {}
}

@Book{sok81b,
  author = 	 {R. R. Sokal and F. J. Rohlf},
  ALTeditor = 	 {},
  title = 	 {Biometry},
  publisher = 	 {W.H. Freeman and Company},
  year = 	 {1981},
  OPTkey = 	 {},
  OPTvolume = 	 {},
  OPTnumber = 	 {},
  OPTseries = 	 {},
  OPTaddress = 	 {},
  OPTedition = 	 {},
  OPTmonth = 	 {},
  OPTnote = 	 {ISBN 0-7167-1254-7},
  OPTannote = 	 {}
}

@Book{chab93,
  ALTauthor = 	 {},
  editor = 	 {J. M. Chambers and T.J. Hastie},
  title = 	 {Statistical models in S},
  publisher = 	 {Boca Raton, FL: CRC Press},
  year = 	 {1993},
  OPTkey = 	 {},
  OPTvolume = 	 {},
  OPTnumber = 	 {},
  OPTseries = 	 {},
  OPTaddress = 	 {},
  OPTedition = 	 {},
  OPTmonth = 	 {},
  OPTnote = 	 {ISBN: 0-412-05291},
  OPTannote = 	 {}
}

@Book{pet83b,
  Author = 	 {Peter, R. H.},
  ALTeditor = 	 {},
  title = 	 {The ecological implications of body size},
  publisher = 	 {Cambridge University Press},
  year = 	 {1983},
  OPTkey = 	 {},
  OPTvolume = 	 {},
  OPTnumber = 	 {},
  OPTseries = 	 {},
  OPTaddress = 	 {},
  OPTedition = 	 {},
  OPTmonth = 	 {},
  OPTnote = 	 {},
  OPTannote = 	 {}
}

@Misc{sher97w,
  author = 	 {Lorraine Sherry},
  title = 	 {Intermediate statistics},
  howpublished = {http://carbon.cudenver.edu/$\sim$lsherry/rem/statistics.html},
  month = 	 {April},
  year = 	 1997,
  note = 	 {}
}

@Book{far02b,
  author = 	 {J. J. Faraway},
  ALTeditor = 	 {},
  title = 	 {Practical regression and anova using R},
  publisher = 	 {available at http://www.stat.lsa.umich.edu/~faraway/book/},
  year = 	 {2002},
  OPTkey = 	 {},
  OPTvolume = 	 {},
  OPTnumber = 	 {},
  OPTseries = 	 {},
  OPTaddress = 	 {},
  OPTedition = 	 {},
  OPTmonth = 	 {},
  OPTnote = 	 {},
  OPTannote = 	 {}
}

@Book{dal02b,
  author = 	 {P. Dalgaard},
  ALTeditor = 	 {},
  title = 	 {Introductory statistics with R},
  publisher = 	 pub-SV,
  year = 	 {2002},
  OPTkey = 	 {},
  OPTvolume = 	 {},
  OPTnumber = 	 {},
  OPTseries = 	 {},
  OPTaddress = 	 {},
  OPTedition = 	 {},
  OPTmonth = 	 {},
  OPTnote = 	 {ISBN 0-387-95475-9},
  OPTannote = 	 {}
}
@TechReport{kieTR06,
  author = 	 {Kienzle, M. and Simmonds, J.},
  title = 	 {Investigating the implication of fitting ICA using the egg survey as an absolute or relative measurement of the SSB},
  institution =  {ICES},
  year = 	 {2006},
  key = 	 {\uppercase{WD} 12/05},
  OPTtype = 	 {},
  number = 	 {\uppercase{CM} 2006/ACFM:08},
  OPTaddress = 	 {},
  OPTmonth = 	 {},
  OPTnote = 	 {},
  OPTannote = 	 {}
}
@TechReport{kieTR05b,
  author = 	 {Kienzle, M. and Simmonds, J.},
  title = 	 {Determining the timing and precision of an additional egg survey to improve \uppercase{NEA} mackerel stock assessment},
  institution =  {ICES},
  year = 	 {2005},
  OPTkey = 	 {\uppercase{WD} In prep.},
  OPTtype = 	 {},
  number = 	 {\uppercase{CM} 2005/G:09},
  OPTaddress = 	 {},
  OPTmonth = 	 {},
  OPTnote = 	 {},
  OPTannote = 	 {}
}
@TechReport{kieTR05,
  author = 	 {Kienzle, M. and Simmonds, J.},
  title = 	 {Simulating the dynamic of a fishery to discriminate between different stock assessment options Application to the \uppercase{NEA} mackerel},
  institution =  {ICES},
  year = 	 {2005},
  key = 	 {\uppercase{WD} 08/04},
  OPTtype = 	 {},
  number = 	 {\uppercase{CM} 2005/ACFM:08},
  OPTaddress = 	 {},
  OPTmonth = 	 {},
  OPTnote = 	 {},
  OPTannote = 	 {}
}
@InCollection{erz91a,
  author = 	 {Erzini, K},
  title = 	 {A compilation of data on variability in length-age in marine fishes},
  booktitle = 	 {Fisheries Stock Assessment},
  OPTcrossref =  {},
  OPTkey = 	 {},
  pages = 	 {36},
  publisher = {Collaborative Research Support Program, University of Rhode Island},
  year = 	 {1991},
  OPTeditor = 	 {},
  OPTvolume = 	 {},
  number = 	 {XII},
  OPTseries = 	 {},
  OPTtype = 	 {},
  OPTchapter = 	 {},
  OPTaddress = 	 {},
  OPTedition = 	 {},
  OPTmonth = 	 {},
  OPTnote = 	 {},
  OPTannote = 	 {}
}

@Article{jenrey98a,
  author = 	 {Jennings, S., J.D. Reynolds and S.C. Mills},
  title = 	 {Life history correlates of responses to fisheries exploitation},
  journal = 	 {Proc. R. Soc. (Biol. Sci.)},
  year = 	 {1998},
  OPTkey = 	 {},
 volume = 	 {265},
  OPTnumber = 	 {},
  pages = 	 {333-339},
  OPTmonth = 	 {},
  OPTnote = 	 {},
  OPTannote = 	 {}
}

@Book{Lyons99,
  author = 	 {Lyons, L.},
  OPTeditor = 	 {},
  title = 	 {Statistics for nuclear and particle physicists},
  publisher = 	 {Cambridge University Press},
  year = 	 {1999},
  OPTkey = 	 {},
  OPTvolume = 	 {},
  OPTnumber = 	 {},
  OPTseries = 	 {},
  OPTaddress = 	 {},
  OPTedition = 	 {},
  OPTmonth = 	 {},
  OPTnote = 	 {},
  OPTannote = 	 {}
}

@TechReport{paulrep78,
  author = 	 {Pauly, D.},
  title = 	 {A preliminary compilation of fish length growth parameters},
  institution =  {Institute F\"{u}r Meereskunde. Christian-Albrechts-Univ. Kiel},
  year = 	 {1978},
  OPTkey = 	 {},
  OPTtype = 	 {},
  number = 	 {55},
  pages =        {1-200},
  OPTaddress = 	 {},
  OPTmonth = 	 {},
  OPTnote = 	 {},
  OPTannote = 	 {}
}

@Article{conmunch02,
  author = 	 {Conover, D. O. and Munch, S. B.},
  title = 	 {Sustaining Fisheries Yields Over Evolutionary Time Scales},
  journal = 	 {Science},
  year = 	 {2002},
  OPTkey = 	 {},
  volume = 	 {297},
  OPTnumber = 	 {},
  pages = 	 {94--96},
  OPTmonth = 	 {},
  OPTnote = 	 {},
  OPTannote = 	 {}
}

@PhdThesis{hubth75,
  author = 	 {Hubold, G.},
  title = 	 {Das Wachstum des Buchan-Herings (Clupea harengus L.) in den Jahren 1955 bis 1973},
  school = 	 {Kiel University, Kiel, Germany},
  year = 	 {1975},
  OPTkey = 	 {},
  OPTtype = 	 {},
  OPTaddress = 	 {},
  OPTmonth = 	 {},
  OPTnote = 	 {},
  OPTannote = 	 {}
}

@TechReport{acfmwgnssk2004,
  author = 	 {ICES},
  title = 	 {\uppercase{W}orking \uppercase{G}roup on the \uppercase{A}ssessment of \uppercase{D}emersal \uppercase{S}tocks in the \uppercase{N}orth \uppercase{S}ea and \uppercase{S}kagerrak},
  OPTinstitution =  {ICES},
  year = 	 {2004},
  OPTkey = 	 {},
  OPTtype = 	 {},
  number = 	 {\uppercase{CM} 2004/\uppercase{ACFM:07}},
  OPTaddress = 	 {},
  OPTmonth = 	 {},
  OPTnote = 	 {},
  OPTannote = 	 {}
}

@Book{quin99b,
  author = 	 {Quinn, T. J. and Deriso, R. B.},
  ALTeditor = 	 {},
  title = 	 {Quantitative \uppercase{f}ish \uppercase{d}ynamics},
  publisher = 	 {Oxford University Press},
  year = 	 {1999},
  OPTkey = 	 {},
  OPTvolume = 	 {},
  OPTnumber = 	 {},
  OPTseries = 	 {},
  OPTaddress = 	 {},
  OPTedition = 	 {},
  OPTmonth = 	 {},
  OPTnote = 	 {},
  OPTannote = 	 {}
}

@TechReport{casal,
  author = 	 {Bull, B. and Francis, R.I.C.C. and Dunn, A. and McKenzie, A. and Gilbert, D.J. and Smith, M.H.},
  title = 	 {\uppercase{CASAL} (\uppercase{C}++ algorithmic stock assessment laboratory): \uppercase{CASAL} User Manual v2.01},
  institution =  {NIWA},
  year = 	 {2003},
  OPTkey = 	 {},
  OPTtype = 	 {},
  number = 	 {124},
  OPTaddress = 	 {},
  OPTmonth = 	 {},
  OPTnote = 	 {},
  OPTannote = 	 {}
}

@TechReport{simCM2003X10,
  author = 	 {Simmonds, E. J. and Beare, D. and Reid, D. G.},
  title = 	 {Sensitivity of the current \uppercase{ICA} assessment of western mackerel and short term predictions to the sampling error in the egg survey parameters},
  institution =  {ICES},
  year = 	 {2003},
  OPTkey = 	 {},
  OPTtype = 	 {},
  number = 	 {\uppercase{CM} 2003/X:10},
  OPTaddress = 	 {},
  OPTmonth = 	 {},
  OPTnote = 	 {},
  OPTannote = 	 {}
}

@TechReport{pat96a,
  author = 	 {Patterson, K. R. and Melvin, G. D.},
  title = 	 {Integrated \uppercase{c}atch At \uppercase{a}ge (\uppercase{ICA}) version 1.2.},
  institution =  {Fisheries Research Services},
  year = 	 {1996},
  OPTkey = 	 {},
  OPTtype = 	 {},
  OPTnumber = 	 {},
  OPTaddress = 	 {},
  OPTmonth = 	 {},
  OPTnote = 	 {},
  OPTannote = 	 {}
}

@Article{jon83a,
  author = 	 {Jones, R.},
  title = 	 {An investigation of \uppercase{n}orth \uppercase{s}ea haddock {\it Melanogrammus aeglefinus} length-at-age data, with particular reference to the effects of growth of the outstanding year classes of 1962 and 1967},
  journal = 	 {Journal du Conseil. Conseil International pour l'Exploration de la Mer},
  year = 	 {1983},
  OPTkey = 	 {},
  volume = 	 {41},
  OPTnumber = 	 {},
  pages = 	 {50--62},
  OPTmonth = 	 {},
  OPTnote = 	 {},
  OPTannote = 	 {}
}

@InCollection{jon62a,
author = 	 {Jones, R.},
title = 	 {The growth of Haddock in the \uppercase{n}orth \uppercase{s}ea and at \uppercase{f}aroe},
booktitle = 	 {Haddock Bionomics},
OPTcrossref =  {},
OPTkey = 	 {},
OPTpages = 	 {},
publisher = {Her Majesty's stationary office},
year = 	 {1962},
OPTeditor = 	 {},
volume = 	 {2},
OPTnumber = 	 {},
series = 	 {Marine Research},
OPTtype = 	 {},
OPTchapter = 	 {},
OPTaddress = 	 {Department of Agriculture and Fisheries for Scotland},
OPTedition = 	 {},
OPTmonth = 	 {},
OPTnote = 	 {},
OPTannote = 	 {}
}

@InCollection{rai68a,
author = 	 {Raitt, D.},
title = 	 {The population dynamics of the norway pout in the \uppercase{n}orth \uppercase{s}ea},
booktitle = 	 {MARINE RESEARCH},
OPTcrossref =  {},
OPTkey = 	 {},
OPTpages = 	 {},
publisher = {Her Majesty's stationary office},
year = 	 {1968},
OPTeditor = 	 {},
volume = 	 {5},
OPTnumber = 	 {},
series = 	 {Marine Research},
OPTtype = 	 {},
OPTchapter = 	 {},
OPTaddress = 	 {Department of Agriculture and Fisheries for Scotland},
OPTedition = 	 {},
OPTmonth = 	 {},
OPTnote = 	 {},
OPTannote = 	 {}
}

@Article{ned58a,
  author = 	 {Nedelec, C.},
  title = 	 {Biologie et peche du maquereau},
  journal = 	 {Revue des Travaux de l'Institut des Peches Maritimes},
  year = 	 {1958},
  OPTkey = 	 {},
  volume = 	 {22},
  number = 	 {2},
  pages = 	 {121--134},
  OPTmonth = 	 {},
  OPTnote = 	 {},
  OPTannote = 	 {}
}

@TechReport{fishbase,
  author = 	 {Froese, R. and D. Pauly},
  title = 	 {\uppercase{f}ish\uppercase{b}ase 2000: concepts, design and data sources},
  institution =  {ICLARM},
  year = 	 {2000},
  OPTkey = 	 {},
  OPTtype = 	 {},
  OPTnumber = 	 {},
  address = 	 {Los Ba\~{n}os, Laguna, Philippines},
  OPTmonth = 	 {},
  note = 	 {344 p.},
  OPTannote = 	 {}
}

@Misc{postgresql,
  OPTkey = 	 {},
  author = 	 {Anonymous},
  title = 	 {\uppercase{P}ostgre\uppercase{SQL}: an \uppercase{o}pen \uppercase{s}ource database software.},
  howpublished = {www.postgresql.org},
  OPTmonth = 	 {},
  year = 	 {2004},
  OPTnote = 	 {},
  OPTannote = 	 {}
}

@Article{schn81a,
  author = 	 {Jon Schnute},
  title = 	 {A versatile Growth Model with Statistically stable parameters},
  journal = 	 CanJFishAquatSci,
  year = 	 {1981},
  OPTkey = 	 {},
  volume = 	 {38},
  OPTnumber = 	 {},
  pages = 	 {1128-1140},
  OPTmonth = 	 {},
  OPTnote = 	 {},
  OPTannote = 	 {}
}

@InProceedings{bevholt59,
  author = 	 {Beverton, R.J.H. and S.J. Holt},
  title = 	 {A review of the lifespans and mortality rates of fish in nature and their relation to growth and other physiological characteristics},
  booktitle = 	 {CIBA Foundation Colloquia on Ageing: the lifespan of animals},
  OPTcrossref =  {},
  OPTkey = 	 {},
  pages = 	 {142--180},
  year = 	 {1959},
  editor = 	 {G.E.W. Wolstenholme and M. O'Connor},
  volume = 	 {5},
  OPTnumber = 	 {},
  OPTseries = 	 {},
  OPTaddress = 	 {},
  OPTmonth = 	 {},
  OPTorganization = {},
  publisher = {J. and A. Churchill Ltd., London},
  OPTnote = 	 {},
  OPTannote = 	 {}
}
@Book{elab99,
  author = 	 {R. C. Elandt-Johnson and N. L. Johnson},
  ALTeditor = 	 {},
  title = 	 {Survival models and data analysis},
  publisher = 	 {Wiley},
  year = 	 {1999},
  OPTkey = 	 {},
  OPTvolume = 	 {},
  OPTnumber = 	 {},
  OPTseries = 	 {},
  OPTaddress = 	 {},
  OPTedition = 	 {},
  OPTmonth = 	 {},
  OPTnote = 	 {},
  OPTannote = 	 {ISBN: 0-471-03174-7}
}
@InProceedings{root,
  author = 	 {Rene Brun and Fons Rademakers},
  title = 	 {ROOT - An Object Oriented Data Analysis Framework},
  booktitle = 	 {\uppercase{P}roceedings AIHENP'96 Workshop, Lausanne, Sep. 1996, Nucl. Inst. \& Meth. in Phys. Res. A 389},
  OPTcrossref =  {},
  OPTkey = 	 {},
  pages = 	 {81-86},
  year = 	 {1997},
  OPTeditor = 	 {},
  OPTvolume = 	 {},
  OPTnumber = 	 {},
  OPTseries = 	 {},
  OPTaddress = 	 {},
  OPTmonth = 	 {},
  OPTorganization = {},
  OPTpublisher = {},
  note = 	 {See also http://root.cern.ch/},
  OPTannote = 	 {}
}

@Book{bevrob03,
  author = 	 {P. R. Bevington and D. K. Robinson},
  OPTeditor = 	 {},
  title = 	 {Data reduction and error analysis},
  publisher = 	 {Mac Graw-Hill},
  year = 	 {2003},
  OPTkey = 	 {},
  OPTvolume = 	 {},
  OPTnumber = 	 {},
  OPTseries = 	 {},
  address = 	 {New-York},
  edition = 	 {third},
  OPTmonth = 	 {},
  OPTnote = 	 {ISBN: 0-07-247227-8},
  OPTannote = 	 {}
}

@TechReport{acfmwgam2003,
  author = 	 {ICES},
  title = 	 {\uppercase{r}eport of the \uppercase{w}orking \uppercase{g}roup on the \uppercase{a}ssessment of \uppercase{m}ackerel, \uppercase{h}orse \uppercase{m}ackerel, \uppercase{s}ardine and \uppercase{a}nchovy},
  OPTinstitution =  {ICES},
  year = 	 {2003},
  OPTkey = 	 {},
  OPTtype = 	 {},
  number = 	 {\uppercase{CM} 2004/\uppercase{ACFM:08}},
  OPTaddress = 	 {},
  OPTmonth = 	 {},
  OPTnote = 	 {},
  OPTannote = 	 {}
}

@TechReport{acfmhawg2003,
  author = 	 {ICES},
  title = 	 {\uppercase{r}eport of the \uppercase{h}erring \uppercase{a}ssessment \uppercase{w}orking \uppercase{g}roup for the area \uppercase{s}outh of 62$^{o}$N},
  OPTinstitution =  {ICES},
  year = 	 {2003},
  OPTkey = 	 {},
  OPTtype = 	 {},
  number = 	 {\uppercase{CM}/\uppercase{ACFM:17}},
  OPTaddress = 	 {},
  OPTmonth = 	 {},
  OPTnote = 	 {},
  OPTannote = 	 {}
}
@TechReport{acfmhawg2005,
  author = 	 {ICES},
  title = 	 {\uppercase{r}eport of the \uppercase{h}erring \uppercase{a}ssessment \uppercase{w}orking \uppercase{g}roup for the area \uppercase{s}outh of 62$^{o}$N},
  OPTinstitution =  {ICES},
  year = 	 {2005},
  OPTkey = 	 {},
  OPTtype = 	 {},
  number = 	 {\uppercase{CM}/\uppercase{ACFM:16}},
  OPTaddress = 	 {},
  OPTmonth = 	 {},
  OPTnote = 	 {},
  OPTannote = 	 {}
}
@TechReport{acfmhawg2002,
  author = 	 {ICES},
  title = 	 {\uppercase{r}eport of the \uppercase{h}erring \uppercase{a}ssessment \uppercase{w}orking \uppercase{g}roup for the area \uppercase{s}outh of 62$^{o}$N},
  OPTinstitution =  {ICES},
  year = 	 {2002},
  OPTkey = 	 {},
  OPTtype = 	 {},
  number = 	 {\uppercase{CM}/\uppercase{ACFM:12}},
  OPTaddress = 	 {},
  OPTmonth = 	 {},
  OPTnote = 	 {},
  OPTannote = 	 {}
}
@Book{man90b,
  author = 	 {Manly, Bryan F. J.},
  ALTeditor = 	 {},
  title = 	 {Stage-structured populations: sampling, analysis and simulation},
  publisher = 	 {Chapman and Hall},
  year = 	 {1990},
  OPTkey = 	 {},
  OPTvolume = 	 {},
  OPTnumber = 	 {},
  OPTseries = 	 {},
  OPTaddress = 	 {},
  OPTedition = 	 {},
  OPTmonth = 	 {},
  OPTnote = 	 {ISBN: 0 412 65060 2},
  OPTannote = 	 {}
}

@Book{ven03b,
  author =       {Venables, W. N. and Ripley, B. D.},
  ALTeditor =    {},
  title =        {Modern applied statistics with S},
  publisher =    pub-SV,
  year =         {2003},
  OPTkey =       {},
  OPTvolume =    {},
  OPTnumber =    {},
  OPTseries =    {},
  OPTaddress =   {},
  edition =      {Fourth edition},
  OPTmonth =     {},
  OPTnote =      {ISBN 0-387-95457-0},
  OPTannote =    {}
}


@Book{ven02b,
  author = 	 {Venables, W. N. and Ripley, B. D.},
  ALTeditor = 	 {},
  title = 	 {Modern \uppercase{a}pplied \uppercase{s}tatistics with S},
  publisher = 	 pub-SV,
  year = 	 {2002},
  OPTkey = 	 {},
  OPTvolume = 	 {},
  OPTnumber = 	 {},
  OPTseries = 	 {},
  OPTaddress = 	 {},
  edition = 	 {Fourth},
  OPTmonth = 	 {},
  OPTnote = 	 {ISBN 0-387-95457-0},
  OPTannote = 	 {}
}

@Book{ven98b,
  author = 	 {Venables, W. N. and Ripley, B. D.},
  ALTeditor = 	 {},
  title = 	 {Modern applied statistics with S-Plus},
  publisher = 	 pub-SV,
  year = 	 {1998},
  OPTkey = 	 {},
  OPTvolume = 	 {},
  OPTnumber = 	 {},
  OPTseries = 	 {},
  OPTaddress = 	 {},
  OPTedition = 	 {},
  OPTmonth = 	 {},
  OPTnote = 	 {},
  OPTannote = 	 {}
}

@Book{dob02b,
  Author = 	 {Dobson, A. J.},
  editor = 	 {},
  title = 	 {An introduction to generalized linear models},
  publisher = 	 {Chapman and Hall},
  year = 	 {2002},
  OPTkey = 	 {},
  OPTvolume = 	 {},
  OPTnumber = 	 {},
  OPTseries = 	 {},
  OPTaddress = 	 {},
  OPTedition = 	 {},
  OPTmonth = 	 {},
  OPTnote = 	 {},
  OPTannote = 	 {}
}

@TechReport{kienzle1,
  author = 	 {M. Kienzle and A. Gimona},
  title = 	 {A preliminary validation attempt: a user's point of view},
  institution =  {Icelandic Institute of Marine Research},
  year = 	 {2003},
  project =      {Development of structurally detailed statistically testable models of marine populations},
  OPTkey = 	 {},
  OPTtype = 	 {},
  OPTnumber = 	 {},
  OPTaddress = 	 {},
  OPTmonth = 	 {},
  OPTnote = 	 {},
  OPTannote = 	 {}
}


@TechReport{kienzle2,
  author = 	 {M. Kienzle},
  title = 	 {The database for the \uppercase{n}orth \uppercase{s}ea herring case study},
  institution =  {Icelandic Institute of Marine Research},
  year = 	 {2003},
  project =      {Development of structurally detailed statistically testable models of marine populations. QLK5-CT1999-01609},
  OPTkey = 	 {},
  OPTtype = 	 {},
  number = 	 {98},
  OPTaddress = 	 {},
  OPTmonth = 	 {},
  note = 	 {346 pp.},
  OPTannote = 	 {}
}

@TechReport{kie05tr,
  author = 	 {M. Kienzle},
  title = 	 {Estimation of the parameters of \uppercase{V}on \uppercase{B}ertalanffy growth fucntion for the main commercial species of the \uppercase{N}orth \uppercase{S}ea},
  institution =  {Fisheries Research Services, Scotland, United Kingdom},
  year = 	 {2005},
  project =      {},
  OPTkey = 	 {},
  OPTtype = 	 {},
  number = 	 {No 05/05},
  OPTaddress = 	 {},
  OPTmonth = 	 {},
  note = 	 {34 pp.},
  OPTannote = 	 {}
}

@Article{mardle,
  author = 	 {S. Mardle, C. James, C. Pipitone and M. kienzle },
  title = 	 {Bioeconomic interactions in an established fishery exclusion zone: the case of the gulf of Castellammare },
  journal = 	 {},
  year = 	 {SUBMITED},
  OPTkey = 	 {submitted},
  OPTvolume = 	 {},
  OPTnumber = 	 {},
  OPTpages = 	 {},
  OPTmonth = 	 {},
  OPTnote = 	 {},
  OPTannote = 	 {}
}

@Misc{pipitone1,
  OPTkey = 	 {},
  author = 	 {Pipitone C. and G. D'Anna and F. Badalamenti and G. Scotti and M. Coppola and G. Di Stefano and M. Kienzle},
  title = 	 {Fishery reserves as a management tool: the case of the Gulf of Castellammare},
  howpublished = {Fishery Exclusion Zones Internet Conference},
  month = 	 {January},
  year = 	 {2001},
  note = 	 {Available from: http://www.valfez.org/internet\_conf/IRMA/sld001.htm},
  annote = 	 {}
}

@Book{kra1998,
  Author = 	 {Wojtek J. Krzanowski},
  ALTeditor = 	 {},
  title = 	 {An introduction to statistical modelling},
  publisher = 	 {Nicki Dennis},
  year = 	 {1998},
  OPTkey = 	 {},
  OPTvolume = 	 {},
  OPTnumber = 	 {},
  OPTseries = 	 {},
  OPTaddress = 	 {},
  OPTedition = 	 {},
  OPTmonth = 	 {},
  OPTnote = 	 {},
  OPTannote = 	 {}
}

@Manual{ibts99,
  title = 	 {Manual for the International Bottom Trawl Surveys (Revision VI)},
  OPTkey = 	 {},
  author = 	 {ICES},
  organization = {ICES},
  OPTaddress = 	 {},
  OPTedition = 	 {},
  OPTmonth = 	 {},
  year = 	 {1999},
  note = 	 {ICES CM 1999/D:2, Addendum 2, Ref.:G},
  OPTannote = 	 {}
}

@Article{ger03,
  author = 	 {H.D. Gerritsen and M.J. Armstrong and M. Allen and W.J. McCurdy and J.A.D. Peel},
  title = 	 {Variability in maturity and growth in a heavily exploited stock: whiting ({\it Merlangius merlangus} L.) in the Irish Sea},
  journal = 	 {Journal of Sea Research},
  year = 	 {2003},
  OPTkey = 	 {},
  volume = 	 {49},
  OPTnumber = 	 {},
  pages = 	 {69--82},
  OPTmonth = 	 {},
  OPTnote = 	 {},
  OPTannote = 	 {}
}

@Article{obrian99,
  author = 	 {O'Brien, L.},
  title = 	 {Factors Influencing the Rate of Sexual Maturity and the Effect on Spawning Stock for Georges Bank and Gulf of Maine Atlantic Cod Gadus morhua Stocks},
  journal = 	 {Journal of Northwest Atlantic Fishery Science},
  year = 	 {1999},
  OPTkey = 	 {},
  volume = 	 {25},
  OPTnumber = 	 {},
  pages = 	 {179--203},
  OPTmonth = 	 {},
  OPTnote = 	 {},
  OPTannote = 	 {}
}

@Article{PDBook1998,
  author = {Caso, C. and Conforto, G. and Gurtu, A. and Aguilar-Benitez, M. and Amsler, C. and Barnett, R.M. and Burchat, P.R. and Carone, C.D. and Dahl, O. and  Doser, M. and Eidelman, S. and Feng J.L. and Goodman, M. and Grab, C. and Groom, D.E. and Hagiwara, K. and Hayes, K.G. and Hern\'{a}ndez, J.J. and Hikasa, K. and Honscheid, K. and James, F. and Mangano, M.L. and Manohar, A.V. and M\"{o}nig, K. and Murayama, H. and Nakamura, K. and Olive, K.A. and Piepke, A. and Roos, M. and Schindler, R.H. and Shrock, R.E. and Tanabashi, M. and T\"{o}rnqvist, N.A. and Trippe, T.G.  and Vogel, P. and Wohl, C.G. and Workman, R.L. and  Yaobi, W.-M.},
  title = 	 {Review of Particle Physics},
  journal = 	 {The European Physical Journal},
  year = 	 {1998},
  volume = 	 {C3},
  number = 	 {1}
}

@Book{hil92b,
  Author = 	 {Hilborn, R. and Walters, C.},
  ALTeditor = 	 {},
  title = 	 {Quantitative \uppercase{f}isheries \uppercase{s}tock \uppercase{a}ssessment: \uppercase{c}hoice, \uppercase{d}ynamics and \uppercase{u}ncertainty},
  publisher = 	 {Chapman \& Hall},
  year = 	 {1992},
  OPTkey = 	 {},
  OPTvolume = 	 {},
  OPTnumber = 	 {},
  OPTseries = 	 {},
  OPTaddress = 	 {},
  OPTedition = 	 {},
  OPTmonth = 	 {},
  OPTnote = 	 {},
  OPTannote = 	 {}
}

@TechReport{adcm1996h1,
  author = 	 {},
  title = 	 {Manual for the International Bottom Trawl Surveys - Revision V},
  institution =  {International Council for the Exploration of the Seas},
  year = 	 {1996},
  OPTkey = 	 {},
  OPTtype = 	 {},
  number = 	 {Addendum to ICES CM1996/H:1},
  OPTaddress = 	 {},
  OPTmonth = 	 {},
  OPTnote = 	 {},
  OPTannote = 	 {}
}

@Book{isa89b,
  Author = 	 {Edward H. Isaaks and R. Mohan Srivastava},
  ALTeditor = 	 {},
  title = 	 {An Introduction to applied geostatistics},
  publisher = 	 {Oxford University Press},
  year = 	 {1989},
  OPTkey = 	 {},
  OPTvolume = 	 {},
  OPTnumber = 	 {},
  OPTseries = 	 {},
  OPTaddress = 	 {},
  OPTedition = 	 {},
  OPTmonth = 	 {},
  OPTnote = 	 {},
  OPTannote = 	 {ISBN: 0-19-505012-6}
}

@Book{ead83b,
  author = 	 {W. T. Eadie and D. Dryard and F. E. James and M. Roos and B. Sadoulet},
  ALTeditor = 	 {},
  title = 	 {Statistical methods in experimental physics},
  publisher = 	 {Elsevier Science Ltd.},
  year = 	 {1983},
  OPTkey = 	 {},
  OPTvolume = 	 {},
  OPTnumber = 	 {},
  OPTseries = 	 {},
  OPTaddress = 	 {},
  OPTedition = 	 {},
  OPTmonth = 	 {},
  OPTnote = 	 {ASIN: 0720402395},
  OPTannote = 	 {}
}

@Book{siv96b,
  author = 	 {D. Sivia},
  ALTeditor = 	 {},
  title = 	 {Data Analysis -- A Bayesian tutorial},
  publisher = 	 {Oxford Science Publications},
  year = 	 {1996},
  OPTkey = 	 {},
  OPTvolume = 	 {},
  OPTnumber = 	 {},
  OPTseries = 	 {},
  OPTaddress = 	 {},
  OPTedition = 	 {},
  OPTmonth = 	 {},
  OPTnote = 	 {},
  OPTannote = 	 {}
}

@Book{cow98b,
  author = 	 {G. Cowan},
  ALTeditor = 	 {},
  title = 	 {Statistical Data Analysis},
  publisher = 	 {Oxford Science Publications},
  year = 	 {1998},
  OPTkey = 	 {},
  OPTvolume = 	 {},
  OPTnumber = 	 {},
  OPTseries = 	 {},
  OPTaddress = 	 {},
  OPTedition = 	 {},
  OPTmonth = 	 {},
  OPTnote = 	 {ISBN: 0 19 850156 0},
  OPTannote = 	 {}
}

@Book{bra98b,
  author = 	 {S. Brandt},
  ALTeditor = 	 {},
  title = 	 {Data analysis: statistical and computational methods for scientists and engineers},
  publisher = 	 pub-SV,
  OPTlocation  =    {New York},
  year = 	 {1998},
  OPTkey = 	 {},
  OPTvolume = 	 {},
  OPTnumber = 	 {},
  OPTseries = 	 {},
  OPTaddress = 	 {},
  edition = 	 {3rd},
  OPTmonth = 	 {},
  OPTnote = 	 {ISBN: 0-387-98498-4},
  OPTannote = 	 {}
}

@Article{wal966,
  author = 	 {C. Walters and J. J. Maguire},
  title = 	 {Lessons for stock assessment from the northern cod collapse},
  journal = 	 {Reviews in Fish Biology and Fisheries},
  year = 	 {1996},
  OPTkey = 	 {},
  volume = 	 {6},
  OPTnumber = 	 {},
  pages = 	 {125-137},
  OPTmonth = 	 {},
  OPTnote = 	 {},
  OPTannote = 	 {BIBREF: 49}
}

@Book{Royce72b,
  author = 	 {W. F. Royce},
  ALTeditor = 	 {},
  title = 	 {Introduction to fishery sciences},
  publisher = 	 {Academic Press},
  year = 	 {1972},
  OPTkey = 	 {},
  OPTvolume = 	 {},
  OPTnumber = 	 {},
  OPTseries = 	 {},
  OPTaddress = 	 {},
  OPTedition = 	 {},
  OPTmonth = 	 {},
  OPTnote = 	 {Library of Congress Catalog Card Number: 79-180795},
  OPTannote = 	 {}
}

@Book{tay97b,
  author = 	 {J. R. Taylor},
  ALTeditor = 	 {},
  title = 	 {An introduction to error analysis},
  publisher = 	 {University Science Books},
  year = 	 {1997},
  OPTkey = 	 {},
  OPTvolume = 	 {},
  OPTnumber = 	 {},
  OPTseries = 	 {},
  OPTaddress = 	 {},
  edition = 	 {2nd},
  OPTmonth = 	 {},
  OPTnote = 	 {ISBN 0-935702-42-3},
  OPTannote = 	 {}
}

@Article{ken931,
  author = 	 {MacKenzie, K.},
  title = 	 {Parasites as biological indicators},
  journal = 	 {Bull. Scand. Soc. Parasitol.},
  year = 	 {1993},
  volume = 	 {1},
  pages = 	 {1--10}
}
@Article{parsav653,
  author = 	 {B. B. Parrish and A. Saville},
  title = 	 {The biology of the north-east \uppercase{a}tlantic herring population},
  journal = 	 {Oceanogr. Mar. Biol. Ann. Rev.},
  year = 	 {1965},
  OPTkey = 	 {},
  volume = 	 {3},
  OPTnumber = 	 {},
  pages = 	 {323--373},
  OPTmonth = 	 {},
  OPTnote = 	 {},
  OPTannote = 	 {}
}

@Article{ken8542,
  author = 	 {MacKenzie, K.},
  title = 	 {The use of parasites as biological tags in population studies of herring ({\it \uppercase{C}lupea haregus} \uppercase{L}.) in the \uppercase{N}orth \uppercase{S}ea and to the north and west of \uppercase{S}cotland},
  journal = 	 {J. Cons. int. Explor. Mer},
  year = 	 {1985},
  volume = 	 {42},
  pages = 	 {32--64}
}

@Article{ken82a,
  author = 	 {MacKenzie, K.},
  title = 	 {Fish parasites as biological tags},
  journal = 	 {Scottish Fisheries Bulletin},
  year = 	 {1982},
  OPTkey = 	 {},
  OPTvolume = 	 {},
  volume = 	 {47},
  pages = 	 {27--32},
  OPTmonth = 	 {},
  OPTnote = 	 {},
  OPTannote = 	 {}
}

@article{vb57,
author = {L. Von Bertalanffy},
title= {Quantitative laws in metabolism and growth},
year = {1957},
journal = TQuartRevBiol,
volume = {32},
number = {3},
pages = {217-231},
}

@BOOK{net00b,
  AUTHOR = {M. Neteler and H. Mitasova},
  TITLE = {Open Source GIS: A GRASS GIS Approach},
  YEAR = {2002},
  PUBLISHER = {Kluwer Academic Publishers},
  ADDRESS = {Boston, Dordrecht},
  ISBN = {1-4020-7088-8},
  KEYWORDS = {GIS, Geographic Information Systems, Open Source, Software},
  SERIES = {The Kluwer international series in Engineering and Computer Science (SECS): Volume 689},
  LINK = {http://mpa.itc.it/grassbook/index.html},
  LINK = {http://mpa.itc.it/grassbook/open_source_gis2002.pdf},
  ABSTRACT = {Open Source Software is one of the most striking innovations in
    software development in the 1990s. It has been stimulated by the
    success of LINUX and the Internet which facilitated global
    communication as well as data and software exchange. The
    Geographical Information System GRASS (Geographical
    Resources Analysis Support System) is the largest Free Software
    GIS Project and by the size of the code it belongs to the top ten list
    of all Open Source Projects worldwide. 
    Open Source GIS: A GRASS GIS Approach was written for
    experienced GIS users, who want to learn GRASS, as well as for the
    Open Source software users who are GIS newcomers. 
    Following the Open Source model of GRASS, the book includes
    links to sites where the GRASS system and on-line reference
    manuals can be downloaded and additional applications can be
    viewed. The project's web site can be reached at http://grass.itc.it
    and a number of mirror sites worldwide. 
    Open Source GIS: A GRASS GIS Approach, provides basic
    information about the use of GRASS from setting up the spatial
    database, through working with raster, vector and site data, to image
    processing and hands-on applications. This book also contains a
    brief introduction to programming within GRASS encouraging the
    new GRASS development. The power of computing within Open
    Source environment is illustrated by examples of the GRASS usage
    with other Open Source software tools, such as GSTAT, R
    statistical language, and linking GRASS to MapServer. 
    Open Source GIS: A GRASS GIS Approach is designed to meet
    the needs of a professional audience composed of researchers and
    practitioners in industry and graduate level students in Computer
    Science and Geosciences.}
}

@Book{mcg00b,
  Author = 	 {McGarigal, K. and Cushman, S. and Stafford, S.},
  ALTeditor = 	 {},
  title = 	 {Multivariate Statistics for Wildlife and Ecology Research},
  publisher = 	 pub-SV,
  year = 	 {2000},
  OPTkey = 	 {},
  OPTvolume = 	 {},
  OPTnumber = 	 {},
  OPTseries = 	 {},
  OPTaddress = 	 {},
  OPTedition = 	 {},
  OPTmonth = 	 {},
  OPTnote = 	 {},
  OPTannote = 	 {}
}

@Article{hea89a,
  author = 	 {Heath, M. and Richardson, K.},
  title = 	 {Comparative study of early-life survival variability of herring, {\it \uppercase{C}lupea harengus}, in the north-eastern Atlantic},
  journal = 	 {Journal of Fish Biology},
  year = 	 {1989},
  OPTkey = 	 {},
  volume = 	 {35 (Supplement A)},
  OPTnumber = 	 {},
  pages = 	 {49--57},
  OPTmonth = 	 {},
  OPTnote = 	 {},
  OPTannote = 	 {}
}

@InProceedings{nic01a,
  author = 	 {Nichols, J. H.},
  title = 	 {Management of North Sea herring and prospects for the new millenium},
  booktitle = 	 {Proceedings of the Symposium Herring 2000: Expectations for a New Millenium},
  OPTcrossref =  {},
  OPTkey = 	 {},
  pages = 	 {645--665},
  year = 	 {2000},
  editor = 	 {Funk, F. and Blackburn, J. and Hay, D. and Paul, A.J. and Stephenson, R. and Toresen, R. and Whiterell, D.},
  OPTvolume = 	 {},
  OPTnumber = 	 {},
  OPTseries = 	 {},
  address = 	 {Anchorage, Alaska, USA},
  month = 	 {February},
  OPTorganization = {},
  OPTpublisher = {},
  OPTnote = 	 {},
  OPTannote = 	 {BIBREF: 48}
}
@Article{ile82a,
  author = 	 {Iles, T. D. and Sinclair, M.},
  title = 	 {Atlantic herring: stock discreteness and Abundance},
  journal = 	 {Science},
  year = 	 {1982},
  OPTkey = 	 {},
  volume = 	 {215},
  OPTnumber = 	 {},
  pages = 	 {627--633},
  OPTmonth = 	 {},
  OPTnote = 	 {},
  OPTannote = 	 {BIBREF: 47}
}

@InCollection{col91b,
  author = 	 {Colebrook, J. M.},
  title = 	 {Continuous plankton records: from seasons to decades in the plankton of the North-east \uppercase{a}tlantic},
  booktitle = 	 {Long term variability of pelagic fish population and their environments},
  OPTcrossref =  {},
  OPTkey = 	 {},
  pages = 	 {39--45},
  publisher = {\uppercase{p}ergason \uppercase{p}ress, \uppercase{o}xford},
  year = 	 {1991},
  editor = 	 {Kawasaki, T. and Tanaka, S. and Toba, Y. and Taniguchi, A.},
  OPTvolume = 	 {},
  OPTnumber = 	 {},
  OPTseries = 	 {},
  OPTtype = 	 {},
  OPTchapter = 	 {},
  OPTaddress = 	 {},
  OPTedition = 	 {},
  OPTmonth = 	 {},
  OPTnote = 	 {Very good description of the Continuous Plankton Recorder Surveys},
  OPTannote = 	 {BIBREF: 46}
}


@InCollection{bai91b,
  author = 	 {Bailey, R.S.},
  title = 	 {Changes in the \uppercase{N}orth \uppercase{S}ea herring population over a cycle of collapse and recovery},
  booktitle = 	 {Long term variability of pelagic fish population and their environments},
  OPTcrossref =  {},
  OPTkey = 	 {},
  pages = 	 {191--198},
  publisher = {\uppercase{p}ergason \uppercase{p}ress, \uppercase{o}xford},
  year = 	 {1991},
  editor = 	 {Kawasaki, T. and Tanaka, S. and Toba, Y. and Taniguchi, A.},
  OPTvolume = 	 {},
  OPTnumber = 	 {},
  OPTseries = 	 {},
  OPTtype = 	 {},
  OPTchapter = 	 {},
  OPTaddress = 	 {},
  OPTedition = 	 {},
  OPTmonth = 	 {},
  OPTnote = 	 {},
  OPTannote = 	 {BIBREF: 45}
}

@Article{cus67a,
  author = 	 {Cushing, D. H.},
  title = 	 {The grouping of herring populations},
  journal = 	 {\uppercase{J}ournal of the \uppercase{M}arine \uppercase{B}iology \uppercase{A}ssociation of \uppercase{U}nited \uppercase{K}ingdom},
  year = 	 {1967},
  OPTkey = 	 {},
  volume = 	 {47},
  OPTnumber = 	 {},
  pages = 	 {193--208},
  OPTmonth = 	 {},
  OPTnote = 	 {},
  OPTannote = 	 {}
}

@InProceedings{par58e,
  author = 	 {Parrish, B. B.},
  title = 	 {Conclusions reached at special scientific meeting on 'herring races' held at \uppercase{C}harlottenlund on 25--27 september 1958},
  booktitle = 	 {\uppercase{R}apports et \uppercase{P}roces-\uppercase{V}erbaux},
  OPTcrossref =  {},
  OPTkey = 	 {},
  pages = 	 {8--9},
  year = 	 {1958},
  OPTeditor = 	 {},
  volume = 	 {143, II},
  OPTnumber = 	 {},
  OPTseries = 	 {},
  OPTaddress = 	 {},
  OPTmonth = 	 {},
  organization = {\uppercase{C}onseil \uppercase{I}nternational pour l'\uppercase{e}xploration de la \uppercase{m}er},
  OPTpublisher = {},
  OPTnote = 	 {},
  OPTannote = 	 {BIBREF: not in}
}

@Article{hae85a,
  author = 	 {Haegele, C. W. and Schweigert, J. F.},
  title = 	 {Distribution and chracteristics of Herring Spawning grounds and description of the spawning behavior},
  journal = 	 CanJFishAquatSci,
  year = 	 {1985},
  OPTkey = 	 {},
  volume = 	 {42},
  OPTnumber = 	 {},
  pages = 	 {39--55},
  OPTmonth = 	 {},
  OPTnote = 	 {},
  OPTannote = 	 {}
}

@TechReport{dst00,
  author = 	 {Stef\'{a}nson, G.},
  title = 	 {Development of structurally detailed statistically testable models of marine populations},
  institution =  {\uppercase{M}arine \uppercase{r}esearch of \uppercase{R}eykjav\'{i}k (\uppercase{I}celand)},
  year = 	 {2000},
  OPTkey = 	 {},
  OPTtype = 	 {},
  Number = 	 {\uppercase{qlk}5-\uppercase{ct}1999-01609},
  OPTaddress = 	 {},
  OPTmonth = 	 {},
  OPTNote = 	 {},
  OPTannote = 	 {},

}

@InBook{bal98b,
  Author = 	 {Balci, O.},
  Editor = 	 {Banks, J.},
  title = 	 {\uppercase{h}andbook of \uppercase{s}imulation},
  chapter = 	 {10},
  publisher = 	 {\uppercase{J}ohn \uppercase{W}iley \& \uppercase{S}ons},
  year = 	 {1998},
  OPTkey = 	 {},
  OPTvolume = 	 {},
  OPTnumber = 	 {},
  OPTseries = 	 {},
  OPTtype = 	 {},
  OPTaddress = 	 {},
  OPTedition = 	 {},
  OPTmonth = 	 {},
  OPTpages = 	 {},
  OPTnote = 	 {},
  OPTannote = 	 {}
}

@Article{ric75191,
  author =       {Ricker, W. E.},
  title =        {Computation and interpretation of biological statistics of fish populations},
  journal =      JFishResBrdCan,
  year =         {1975},
  OPTkey =       {},
  Volume =       {191},
  OPTnumber =    {},
  Pages =        {382},
  OPTmonth =     {},
  OPTnote =      {},
  OPTannote =    {}
}


@Book{law00b,
  Author = 	 {Law, A. M. and Kelton, W. D.},
  Editor = 	 {Case, K. E. and Wolfe, P. M.},
  title = 	 {\uppercase{S}imulation modeling and analysis},
  publisher = 	 {\uppercase{M}c \uppercase{G}raw \uppercase{H}ill},
  year = 	 {2000},
  OPTkey = 	 {},
  OPTvolume = 	 {},
  OPTnumber = 	 {},
  OPTseries = 	 {},
  OPTaddress = 	 {},
  Edition = 	 {Third},
  OPTmonth = 	 {},
  OPTnote = 	 {ISBN 0-07-059292-6},
  OPTannote = 	 {}
}

@TechReport{hjo10r,
  author = 	 {Hjort, J.},
  title = 	 {\uppercase{R}eport on herring investigations until \uppercase{j}anuary 1910},
  institution =  {\uppercase{P}ubl. \uppercase{C}irc. \uppercase{C}ons. \uppercase{E}xplor. \uppercase{M}er},
  year = 	 {1910},
  OPTkey = 	 {},
  OPTtype = 	 {},
  Number = 	 {53},
  OPTaddress = 	 {},
  OPTmonth = 	 {},
  OPTnote = 	 {},
  OPTannote = 	 {}
}

@InProceedings{law01conf,
  author = 	 {Law, A. M. and McComas, M. G.},
  title = 	 {How to build valid and credible simulation models},
  booktitle = 	 {\uppercase{p}roceedings of the \uppercase{w}inter \uppercase{s}imulation \uppercase{c}onference},
  OPTcrossref =  {},
  OPTkey = 	 {},
  OPTpages = 	 {},
  year = 	 {2001},
  editor = 	 {Peters, B.A. and Smith, J. S. and Rohrer, M. W.},
  OPTvolume = 	 {},
  OPTnumber = 	 {},
  OPTseries = 	 {},
  OPTaddress = 	 {},
  OPTmonth = 	 {},
  OPTorganization = {},
  OPTpublisher = {},
  OPTnote = 	 {},
  OPTannote = 	 {}
}


@PhdThesis{cor01t,
  Author = 	 {Corten, A.},
  title = 	 {\uppercase{H}erring and \uppercase{C}limate; changes in the distribution of \uppercase{N}orth \uppercase{S}ea herring due to climate fluctuations},
  school = 	 {\uppercase{R}ijks \uppercase{U}niversity (\uppercase{N}etherlands)},
  year = 	 {2001},
  OPTkey = 	 {},
  OPTtype = 	 {},
  OPTaddress = 	 {},
  OPTmonth = 	 {},
  OPTnote = 	 {},
  OPTannote = 	 {}
}

@Book{ste97b,
  editor =	 {Stefan\'{a}nsson, G. and P\'{a}lsson, O. K.},
  title = 	 {\uppercase{bormicon}: a boreal migration and consumption model},
  publisher = 	 {\uppercase{m}arine \uppercase{r}esearch \uppercase{i}nstitute (\uppercase{i}celand)},
  year = 	 1997,
  Number = 	 58,
  Series = 	 {\uppercase{hafranns\'{o}knastofnun fj\"{o}lrit}}
}

@Article{bur8542,
  author = 	 {Burd, A. C.},
  title = 	 {Recent changes in the central and southern \uppercase{n}orth \uppercase{s}ea herring stocks},
  journal = 	 CanJFishAquatSci,
  year = 	 {1985},
  OPTkey = 	 {},
  Volume = 	 {42(Suppl. 1)},
  OPTnumber = 	 {},
  Pages = 	 {192-206},
  OPTmonth = 	 {},
  OPTnote = 	 {},
  OPTannote = 	 {}
}

@Article{bai728,
  author = 	 {Brainbridge, V. and Forsyth, D. C. T.},
  title = 	 {An ecological survey of a scottish herring fishery. Part \uppercase{V}: the plankton of the north-western \uppercase{N}orth \uppercase{S}ea in relation to the physical environment and the distribution of herring},
  journal = 	 {Bulletin of Marine Ecology},
  year = 	 {1972},
  OPTkey = 	 {},
  Volume = 	 {8},
  OPTnumber = 	 {},
  Pages = 	 {21-52},
  OPTmonth = 	 {},
  OPTnote = 	 {},
  OPTannote = 	 {}
}

@Article{bla8542,
  author = 	 {Blaxter, J. H.},
  title = 	 {The herring: a successful species?},
  journal = 	 CanJFishAquatSci,
  year = 	 {1985},
  OPTkey = 	 {},
  Volume = 	 {42},
  OPTnumber = 	 {},
  OPTpages = 	 {},
  OPTmonth = 	 {},
  OPTnote = 	 {},
  OPTannote = 	 {}
}

@Article{ore94263,
  author = 	 {Oreskes, N. and Shrader-Frechette, K. and Belitz, K.},
  title = 	 {Verification, validation, and confirmation of numerical models in the earth sciences},
  journal = 	 {\uppercase{s}cience},
  year = 	 {1994},
  OPTkey = 	 {},
  volume = 	 {263},
  OPTnumber = 	 {},
  pages = 	 {641-647},
  OPTmonth = 	 {},
  OPTnote = 	 {},
  OPTannote = 	 {}
}



@TechReport{cor97i,
  author = 	 {Corten, A.},
  title = 	 {\uppercase{N}orth/south displacement of herring in the northeastern \uppercase{n}orth \uppercase{s}ea in response to extreme winter temperatures},
  institution =  {ICES},
  year = 	 {1997},
  OPTkey = 	 {},
  type = 	 {\uppercase{e}nvironmental \uppercase{f}actors},
  number = 	 {\uppercase{CM} 1997/\uppercase{EE:05}},
  OPTaddress = 	 {},
  OPTmonth = 	 {},
  OPTnote = 	 {},
  OPTannote = 	 {}
}

@TechReport{ice02h,
  author = 	 {ICES},
  title = 	 {\uppercase{H}erring \uppercase{A}ssessment \uppercase{W}orking \uppercase{G}roup for the \uppercase{A}rea \uppercase{S}outh of 62$^{o}$\uppercase{N}},
  OPTinstitution =  {ICES},
  year = 	 {2002},
  OPTkey = 	 {},
  OPTtype = 	 {},
  number = 	 {\uppercase{CM}/\uppercase{ACFM:12}},
  OPTaddress = 	 {},
  OPTmonth = 	 {},
  OPTnote = 	 {},
  OPTannote = 	 {}
}

@TechReport{ice01h,
  author = 	 {ICES},
  title = 	 {\uppercase{H}erring \uppercase{A}ssessment \uppercase{W}orking \uppercase{G}roup for the \uppercase{A}rea \uppercase{S}outh of 62$^{o}$\uppercase{N}},
  OPTinstitution =  {ICES},
  year = 	 {2001},
  OPTkey = 	 {},
  OPTtype = 	 {},
  number = 	 {\uppercase{CM}/\uppercase{ACFM:12}},
  OPTaddress = 	 {},
  OPTmonth = 	 {},
  OPTnote = 	 {},
  OPTannote = 	 {}
}

@TechReport{ice90h,
  author = 	 {ICES},
  title = 	 {\uppercase{H}erring \uppercase{A}ssessment \uppercase{W}orking \uppercase{G}roup for the \uppercase{A}rea \uppercase{S}outh of 62$^{o}$\uppercase{N}},
  OPTinstitution =  {ICES},
  year = 	 {1990},
  OPTkey = 	 {},
  OPTtype = 	 {},
  number = 	 {\uppercase{CM}/\uppercase{Assess:14}},
  OPTaddress = 	 {},
  OPTmonth = 	 {},
  OPTnote = 	 {},
  OPTannote = 	 {}
}

@Book{cus66b,
  Author = 	 {Cushing, D. H. and Bridger, J. P.},
  ALTeditor = 	 {},
  title = 	 {The stock of herring in the \uppercase{n}orth \uppercase{s}ea and changes due to fishing},
  publisher = 	 {\uppercase{m}inistry of \uppercase{a}griculture, \uppercase{f}isheries and \uppercase{f}ood},
  year = 	 {1966},
  OPTkey = 	 {},
  volume = 	 {25},
  number = 	 {1},
  Series = 	 {\uppercase{f}ishery \uppercase{i}nvestigations 2},
  OPTaddress = 	 {},
  OPTedition = 	 {},
  OPTmonth = 	 {},
  OPTnote = 	 {},
  OPTannote = 	 {}
}

@PhdThesis{mar97t,
  author = 	 {Maravelias, C. D.},
  title = 	 {\uppercase{N}orth \uppercase{S}ea \uppercase{H}erring ({\it \uppercase{c}lupea harengus}, L.) \uppercase{D}istribution in \uppercase{R}elation to \uppercase{E}nvironment: \uppercase{A}nalysis of \uppercase{A}coustic \uppercase{s}urvey \uppercase{d}ata (1992-95) },
  school = 	 {Aberdeen University (Great Britain)},
  year = 	 {1997},
  OPTkey = 	 {},
  OPTtype = 	 {},
  OPTaddress = 	 {},
  OPTmonth = 	 {},
  OPTnote = 	 {},
  OPTannote = 	 {}
}

